2466 3914
84 261 106 311 p.
123 243 161 295 ει.
239 243 328 296 ΠΕΡΙ
344 243 420 295 εον
438 243 674 296 Κικωιευτιιοτ
691 244 869 304 τεκνον,
987 255 1025 314 11

440 413 648 465 ΜΑΡΤΤΡΕΣ.

79 571 89 584 .
135 513 204 586 ”Eu
221 524 335 588 τοίνυν
353 512 397 599 τός
415 523 450 589 οί
464 516 592 589 τούτων
608 526 699 607 φίλοι
717 521 772 588 καὶ
788 525 1026 610 Κηφίσαυδρος

79 612 182 702 ήξίουν
208 625 388 707 νείμασθαι
416 616 477 707 τήν
504 615 625 689 οὐσίαν
653 622 708 688 καλ
730 616 767 688 τό
794 627 906 709 τρίτον
927 623 1024 711 μέρος

78 713 151 806 ήμοίς
168 725 255 808 ἔχειν
272 713 507 790 ἁπάντωντῶν
518 718 740 809 Κλεωνύμου,
759 719 953 790 καὶτούτων
969 748 1037 809 μοι·

77 817 156 888 κάλει
179 823 191 908 Ι
206 818 383 910 μάρτυρας.
403 849 404 858 ’

438 986 646 1036 ΜΔΡΤΤΡΕΣ.

135 1119 295 1215 Ἡγούμαι
318 1127 380 1216 μέν
403 1134 534 1214 τοίνυν,
560 1116 587 1196 οδ
609 1123 746 1215 ἀνδρες,
771 1130 849 1195 τοῖσι
871 1142 939 1206 τοῖς
956 1130 1024 1197 τεόν
1042 1147 1073 1197 17

75 1221 195 1315 κλήρων
204 1223 488 1318 ἀμφισβητούσιν,
506 1225 586 1298 όταν
597 1223 792 1315 ἀποφήνωσι
804 1231 890 1314 σφοῖς
901 1223 1022 1308 αὐτοῦς

75 1321 173 1417 ὥσπερ
201 1323 297 1416 ήμεῖς
320 1331 375 1398 καί
398 1333 451 1422 τηό
466 1332 554 1417 γένει
578 1331 757 1420 προτέρους
784 1324 882 1408 ὄντας
904 1330 959 1396 καί
980 1333 1024 1418 τῇ

75 1434 157 1520 φιλίᾳ
185 1433 229 1518 τῇ
256 1427 337 1520 πρός
360 1427 418 1499 τόν
439 1426 708 1517 τετελευτηκότα,
736 1436 912 1519 περίεργον
937 1428 1021 1500 εἶναι

74 1525 138 1608 τοάς
156 1525 277 1610 ἀλλους
301 1528 420 1618 λόγους
438 1534 562 1619 λέγειν·
589 1528 702 1618 ἐπειδή
726 1531 764 1599 δὲ
780 1528 908 1600 τούτων
926 1526 1021 1600 οάδέ-

73 1655 156 1717 τερον
185 1637 314 1720 ἔχοντες
342 1621 433 1702 οὗτοι
459 1635 600 1722 τολμωσι
630 1635 697 1701 τεόν
723 1627 764 1700 οὐ
788 1629 1022 1721 προσηκόντων

74 1724 283 1819 ἀμφισβητεῖν
309 1733 366 1802 καὶ
396 1739 531 1817 ψευδεῖς
560 1730 861 1822 παρασκευάζονται
891 1730 1020 1821 λόγους,

73 1829 221 1922 βούλομαι
252 1837 376 1923 βραχέα
408 1836 463 1904 καὶ
499 1836 575 1925 περὶ
604 1831 733 1903 τούτων
761 1828 874 1903 αὐτοῖν
905 1839 1019 1902 εἰπεῖν.

74 1936 282 2023 ἰσχυρίζονται
299 1932 362 2025 γάρ
380 1952 451 2016 ταῖς
470 1933 661 2023 διαθήκαις,
680 1937 831 2022 λέγοντες
849 1927 893 2012 ὥς
910 1931 1021 2002 Κλεοό·
1041 1957 1072 2006 18

72 2059 162 2120 νυμος
179 2038 401 2124 μετεπέμπετο
423 2034 484 2123 τήν
506 2032 611 2126 ἀρχήν
634 2031 675 2104 οά
699 2037 796 2104 λῦσαι
815 2031 1021 2122 βουλόμενος

73 2129 161 2215 αάτάς
183 2131 259 2204 ἀλλ’
287 2140 518 2226 ἐπανορθῶσαι
541 2139 595 2205 καί
620 2139 800 2222 βεβαιῶσαι
824 2141 940 2223 σφίσιν
961 2130 1020 2202 αά·

71 2250 128 2314 τοῖς
144 2233 206 2325 τήν
226 2235 364 2325 δωρεάν.
399 2232 494 2326 ὑμεῖς
513 2237 550 2306 δὲ
572 2245 753 2306 σκοπεῖσθε
774 2231 832 2314 τάς
857 2233 1020 2323 διαθήκας

71 2331 117 2414 τάς
133 2333 204 2425 μετ’
224 2333 323 2426 όργής
346 2341 528 2427 γενομένας
551 2335 674 2426 πότερα
698 2333 784 2417 είκός
809 2339 876 2406 ἐστι
901 2343 1019 2424 βουλη-

70 2439 161 2523 θήναι
173 2436 378 2528 Κλεώνυμον
395 2434 544 2527 ἀνελεῖν,
565 2435 678 2525 ἐπειδὴ
696 2435 776 2526 πρός
789 2431 873 2526 ἡμᾶς
890 2445 1020 2518 οίκείως

71 2541 171 2629 ἔσχεν,
190 2535 212 2627 ἦ
230 2557 366 2610 σκοπεῖν
383 2537 471 2620 ὅπως
489 2547 536 2610 ἔτι
554 2538 766 2629 βεβαιότερον
782 2533 866 2628 ήμάς
884 2536 1019 2628 ἀποστε-

71 2637 152 2725 ρήσει
169 2645 237 2711 τῶν
255 2636 367 2710 αὑτοῦ.
408 2657 476 2721 τοῖς
499 2642 560 2730 μὲν
583 2637 646 2731 γάρ
663 2637 773 2720 ἀλλοις
791 2635 954 2710 κάκείνων
972 2630 1021 2709 τόν
1039 2665 1071 2716 19

71 2731 105 2807 ἀν
131 2737 341 2832 ὀργισθέντες
370 2739 446 2823 τοάς
476 2749 618 2823 οίκείονς
634 2737 850 2828 Ιἀδικήσωσιν
878 2737 1019 2832 ὕστερον

70 2837 243 2931 μεταμέλει·
261 2833 353 2913 οὗτοι
372 2844 409 2912 δδ
421 2846 549 2913 ἐκεῖνον
560 2839 821 2931 ἀποφαίνουσιν,
842 2844 878 2910 έν
896 2831 924 2933 ρδ
939 2840 1019 2930 πρός

45 2977 47 2984 >
70 2933 142 3028 ήμάς
159 2942 342 3014 οίκειότατα
368 2946 522 3032 διέκειτο,
546 2947 670 3033 μᾶλλον
687 2945 847 3030 βεβαιοῦν
863 2939 924 3030 τήν
949 2949 1018 3012 δια-

70 3041 169 3132 θήκην
186 3043 405 3134 βονλόμενον,
429 3039 472 3132 ἣν
488 3040 902 3135 όργιζόμενοςιέποιήσατο.
939 3039 1018 3113 ὥστ’

72 3149 97 3210 εί
110 3148 161 3214 καί
178 3142 272 3234 ἡμεῖς
289 3140 532 3235 ὁμολογήσομεν
549 3149 653 3216 ταῦτα
669 3147 725 3214 καί
742 3139 837 3234 ὑμεῖς
855 3141 950 3214 αάτοί
967 3172 1018 3214 πι-

71 3244 229 3336 στεύσετε,
256 3250 459 3336 ἐνθυμεῖσθε
482 3243 532 3317 ότι
555 3245 740 3336 παράνοιαν
764 3241 869 3316 αὐτοῦ
884 3243 946 3333 τήν
962 3272 1017 3335 με·

72 3353 176 3436 γίστην
192 3339 283 3418 οὗτοι
301 3352 529 3437 κατηγοροῦσι.
557 3355 608 3427 τίς
624 3345 688 3437 γάρ
699 3341 742 3416 ἀν
753 3347 880 3434 γένοιτο
897 3345 1018 3434 ταύτης
1035 3364 1068 3416 20

71 3455 316 3538 μανίαμειῖων,
346 3443 366 3536 ἢ
388 3447 461 3519 τότε
483 3449 544 3539 μὲν
565 3445 621 3518 ὅτε
644 3454 764 3538 Δεινίᾳ
788 3446 945 3535 διάφορος
968 3442 1018 3516 τόν

73 3551 189 3638 ἔτυχεν,
218 3545 301 3638 ήμᾶς
319 3553 427 3629 κακιός
450 3564 558 3618 ποιεῖν
580 3574 616 3616 τε
639 3550 694 3617 καὶ
720 3553 930 3615 διατίθεσθαι
953 3574 1018 3614 τοι·

1200 3463 1202 3560 λ
