2460 3918
746 166 751 174 ,
1198 111 1199 166 λ

238 241 280 304 94
358 221 362 229 “
660 233 790 286 ΙΣΔΙΟΤ
1087 235 1130 287 οι.
1146 241 1165 289 ι.

238 404 408 477 στοόντωυ
426 409 484 497 ίμί
497 433 533 475 τε
549 402 611 476 οὐκ
622 401 851 495 ἀγνοούντων,
869 402 919 475 ὅτι
936 395 978 493 ἦν
997 409 1027 489 ἐξ
1044 403 1168 497 ἀδελφῆς
1198 401 1199 470 ἒ

238 503 330 600 αὐτῷ
351 505 512 596 γεγονός,
538 505 742 597 ἐγγράφουσί
761 535 803 596 με
826 513 872 588 είς
894 503 932 576 τό
954 504 1065 577 κοινόν
1084 537 1166 598 γραμ-
1198 531 1199 534 ’

238 623 373 696 ματεῖον
389 605 612 697 ψηφισάμενοι
629 605 767 696 πάντες,
796 609 967 688 ἐπιθέντος
986 610 1106 677 ἐκείνου
1120 607 1168 696 τὴν

237 715 349 778 πίστιν
366 705 447 779 καθ’
467 709 574 798 ίεροῖν.
610 710 666 778 καλ
683 705 770 778 οὕτω
788 709 849 797 μὲν
865 703 931 777 όπδ
949 710 1064 792 ζῶντος
1081 708 1167 796 ἐποιή-

236 820 323 897 θην,
340 811 397 878 καλ
414 805 514 888 είςῖτό
531 805 643 878 κοινδν
660 825 882 900 γραμματεῖον
901 806 1084 899 ἐνεγράφην
1100 807 1167 898 Θρά·

237 918 356 990 συλλος
379 905 644 999 Ἀπολλοδώρου,
671 910 895 998 ποιησαμένου
912 937 952 981 αε
970 913 1094 979 ἐκείνου
1109 914 1167 978 του-

142 1053 145 1068 ι
237 1038 296 1091 τον
320 1005 378 1078 τόν
403 1007 540 1099 τρόπον,
566 1012 633 1080 τοῖν
658 1007 769 1099 νόμων
796 1005 887 1102 αὐτῷ
904 1007 1101 1080 δεδωκότων.
1127 1005 1169 1089 Ὡς

239 1105 273 1178 δ’
291 1105 403 1196 ἀληθῆ
419 1112 520 1199 λέγω,
540 1112 625 1198 λαβέ
637 1139 692 1199 μοι
710 1107 767 1191 τάς
784 1118 973 1201 μαρτυρίας.

609 1275 821 1326 ΜΑΡΤΤΡΙΔΙ.

187 1424 219 1476 18
314 1412 414 1502 Οἶμαι
440 1405 628 1502 τοίνυν,
599 1443 626 1483 ω
652 1412 790 1506 ἀνδρες,
816 1417 940 1504 μᾶλλον
963 1409 1008 1485 ἀν
1024 1410 1103 1504 υμάς
1118 1421 1200 1544 τοῖςἱ

236 1512 500 1604 μεμαρτυρηκόσι
531 1513 716 1604 πιστεύειν,
750 1518 805 1585 καὶ
836 1521 955 1597 οἵτινες
981 1519 1049 1585 τοῖν
1073 1511 1177 1604 ὁμοίως·

235 1613 471 1703 προσηκόντων
507 1620 614 1706 ἔργοις
644 1620 796 1706 φανεραῖς
827 1615 1170 1739 μεμαρτυρήκασινς
1138 1610 1170 1694 53

238 1717 361 1795 ἐκεῖνος
382 1719 487 1785 ταῦτα
508 1711 619 1805 ὄρθιος
642 1718 729 1786 καλ
720 1715 802 1786 κατά
823 1713 901 1797 τοδς
924 1714 1047 1806 νόμους
1064 1719 1168 1806 ἔπραξε.

237 1812 452 1885 κατέλιπε
412 1844 476 1906 γαρ
499 1813 646 1898 Βαλπολις
668 1820 856 1939 δυγμτίρας
875 1815 936 1886 δύο
945 1815 1100 1906 ,ταύτην
1114 1843 1170 1900 τεη

234 1944 300 1986 νυν
325 1912 528 2006 ἀμφισβητεῖ
550 1919 606 1986 καλ
631 1916 802 2040 Προνάπει
825 1934 989 2006 συνοικεῖ,
1018 1914 1107 1988 καὶ”
1088 1947 1107 1986 α
1108 1925 1170 2002 λληυ

234 2045 278 2104 ην
295 2022 392 2107 ἔσχεν
408 2014 600 2107 Αἰσχίνης
584 2047 602 2088 ο
620 2016 799 2107 Λουσιεύς,
827 2047 848 2107 η
842 2015 1093 2108 τετελευτηκεν
1113 2014 1170 2085 υἱόν

185 2129 218 2184 19
234 2114 341 2209 ἀνδρα
357 2115 422 2206 ηδη
434 2121 670 2209 καταλιπονσα,
683 2118 931 2210 Θρασύβουλον.
960 2126 1028 2189 ἔστι
1047 2116 1170 2206 δδνόμος

234 2214 287 2306 ὃς,
313 2216 371 2288 ἐάν
393 2215 574 2308 ἀδελφός
559 2218 734 2310 ομοπάτωρ
756 2217 855 2301 ἀπαις
877 2219 1058 2310 τελευτήσῃ
1075 2213 1169 2288 καὶ
1136 2244 1172 2305 μη

237 2317 513 2409 διαθέμενος,’
473 2348 535 2408 την
556 2347 592 2388 τε
613 2317 765 2408 ἀδελφην
785 2315 923 2410 ὁμοίως,
947 2315 1011 2390 κάν
1030 2322 1096 2404 ἐξ
1080 2321 1126 2388 ετί
1125 2345 1172 2408 ρας

235 2411 490 2506 ἀδελφιδους
467 2447 488 2506 η
517 2419 677 2510 γεγονώς,
690 2429 896 2545 ἰσομοίρους
922 2424 991 2491 τοῖν
1018 2418 1173 2512 χρημάτων
1200 2443 1201 2498 3

234 2526 319 2588 κονδί
317 2539 420 2607 στησι.
461 2523 517 2589 καὶ
539 2549 636 2592 τουτο
659 2518 722 2592 οόκ
744 2519 971 2645 ἀγνοούμενόν
996 2525 1085 2591 ἐστιν
1107 2514 1172 2589 οόδε
1200 2559 1201 2582 ι

234 2615 317 2709 παρ’
336 2616 450 2700 αὐτοῖς
466 2617 601 2702 τούτοις.
637 2628 723 2745 ἔργῳ
739 2620 803 2714 γὰρ
821 2649 913 2693 ουτοι
927 2619 1086 2745 φανερόν
1094 2645 1173 2690 τονιο

234 2718 446 2808 πεποιήκασι·
463 2749 524 2790 του
540 2718 604 2812 γάρ
620 2719 807 2804 Εὐπόλιδος
818 2725 907 2804 υίίος
923 2720 1064 2804 ἄπαιδος
1079 2719 1173 2792 Ἀπολ-

234 2819 384 2912 λοδεόρου
407 2820 663 2909 τελευτήσαντος
686 2820 726 2893 τά
747 2820 868 2914 ἡμίσεα
886 2822 1120 2915 Θρασύβουλος
1140 2828 1173 2886 εί-

234 2929 357 3011 ληφεν,
390 2918 468 2993 οὖσί
453 2930 504 3003 ίας
536 2926 592 2994 καὶ
622 2922 883 2995 πεντεταλάντου
914 2927 1175 3013 καταλειφθείσης

183 3026 365 3111 λθρηιδίυς.
407 3021 569 3116 πατρῴων
590 3015 717 3146 μὲν
674 3053 738 3096 ουν
766 3028 822 3096 καλ
844 3022 995 3115 ἀδελφοιῖ
1016 3020 1175 3116 χρημάτων

233 3119 270 3191 τό
288 3133 361 3192 ίσον
384 3120 496 3205 αὐτοῖς
521 3120 539 3194 5
563 3123 663 3214 νόμος
679 3143 853 3216 μετασχεῖν
872 3131 1025 3196 δίδωσιν
1050 3119 1176 3204 ἀνεψιοῦ

236 3224 289 3312 δέ,
309 3223 364 3292 καὶ
383 3234 415 3292 εί
428 3253 476 3306 τις
495 3229 555 3308 ἔξω
572 3223 693 3314 ταύτης
716 3231 772 3314 τῆς
790 3235 984 3315 συγγενείας
1002 3229 1107 3311 ἐστίν,
1124 3215 1176 3290 ονίι

132 3398 134 3402 ,
233 3276 324 3412 ίσόν,
351 3320 434 3393 ἀλλά
459 3327 627 3415 προτέροις
651 3343 720 3407 τοῖς
746 3325 859 3418 ἀρρεσι
881 3356 950 3398 τιον
966 3329 1111 3414 θηλειῶν
1125 3347 1177 3406 την

233 3419 421 3513 ἀγχιστείαν
448 3434 612 3514 πεποίηκε.
659 3429 747 3514 λέγει
776 3427 839 3519 γάρ
872 3444 1029 3598 ,,κρατεῑν
1053 3427 1090 3495 δὲ
1110 3418 1176 3497 τούς

233 3519 374 3615 ἄρρενας
393 3527 448 3619 καὶ
465 3524 542 3606 τοδς
560 3528 660 3594 ἐν’
612 3554 680 3597 των
697 3523 917 3618 ἀρρένων,οδ
883 3523 974 3598 οόίν
992 3531 1026 3596 ἑκ
1043 3529 1110 3596 τοῖν
1128 3516 1176 3591 αό-
