2460 3918
105 171 109 198 ι
219 137 261 216 90'
474 205 478 214 ⁴
628 144 757 195 ιειιου
1076 140 1128 192 οι.
1147 141 1170 196 ι.

219 317 297 400 τούς
313 331 486 406 συγγενείς
503 312 653 398 ἀπέδειξε
669 317 724 384 καὶ
742 321 789 395 είς
805 312 845 384 τά
862 310 957 384 κοινά
967 331 1173 405 γραμματεῖα

222 421 417 509 ἐνέγραψεν,
450 412 576 486 ἅπανθ’
608 414 670 485 ὅσα
700 419 866 505 προσῆκεν
899 409 997 494 αὐτός
1024 411 1171 504 ποιήσας,

220 516 293 590 ἀλλ’
314 529 347 587 εί
359 545 407 597 τις
423 513 632 603 τελευτήσειν
649 517 778 604 μέλλων
797 515 955 602 διέθετο,
963 523 996 582 εί
1009 542 1042 583 τι
1059 511 1173 602 πάθοι,

219 617 280 707 τὴν
297 614 415 688 ουσίαν
442 617 559 738 ετέρχι,
585 617 640 685 καὶ
656 612 752 685 ταῦτ’
780 619 816 685 ἐν
832 613 1011 736 γράμμασι
1017 616 1173 685 κατέθετο

185 743 203 791 2
219 745 308 809 παρα
324 737 389 788 τισι
406 714 642 805 σημηνάμενος
670 719 797 785 ἐκείνου
813 711 930 836 μὲν
891 743 955 804 γαρ
977 711 1039 784 τόν
1051 712 1174 799 τρόπον

220 815 437 906 ποιησάμενος
462 812 610 906 φανεράς
635 812 873 903 κατέστησε
837 843 893 894 τας
919 808 1027 884 αὑτοῦ
1035 811 1174 935 βουλη-

220 941 305 1006 σεις,
323 914 401 988 ὅλου
417 913 454 986 τό
467 919 602 1007 πρᾶγμα
612 913 834 1006 ἐπικωμάσας,
854 913 982 986 δόυτωυ
1001 911 1097 1008 αὐτῷ
1112 943 1174 984 τωυ

219 1017 345 1106 υόμωυ·
364 1045 382 1087 ο
371 1011 433 1085 δ’
453 1019 490 1086 ἐν
508 1015 682 1105 διαθήκαις
693 1014 920 1105 σημηνάμενος
931 1011 1164 1102 άδήλουςί
1093 1017 1174 1085 ἐποί-

219 1138 296 1206 ησε,
323 1112 374 1186 διό
396 1120 511 1187 πολλοὶ
533 1115 722 1188 πεπλάσθαι
745 1114 927 1205 φάσκοντες
950 1111 1054 1196 αὐτάς
1079 1111 1174 1204 άμφι-

219 1224 354 1306 σβητεϊν
365 1213 493 1299 ἀξιοῦσι
505 1215 586 1308 πρός
595 1214 672 1298 τούς
683 1218 890 1304 ποιηθέντας.
918 1223 1004 1286 ἔοικε
1024 1212 1058 1284 δ’
1079 1212 1174 1286 οὐδὲν

219 1315 389 1409 προῦργου
410 1320 508 1387 τοῦτο
533 1318 632 1390 εἶναι·
657 1319 712 1386 καὶ
734 1314 798 1408 γάρ
820 1313 925 1396 οὕτως
943 1313 1059 1386 αὐτῶν
1078 1344 1174 1405 φανε-

220 1421 284 1510 ράς
308 1420 548 1508 πεπραγμένων
569 1414 656 1506 ὅμως
672 1412 757 1505 ὑπὲρ
774 1420 831 1505 τῆς
848 1414 1016 1507 θυγατρός
1033 1420 1095 1504 τῆς
1112 1413 1174 1488 Εό-

218 1516 353 1605 πόλιδος
380 1513 498 1605 ἥκουσι
526 1519 602 1607 περὶ
630 1520 697 1587 τω”υ
724 1513 971 1607 Ἀπολλοδώρου
1000 1513 1173 1607 χρημάτων

184 1614 299 1708 3πρός
329 1617 384 1706 ἐμὲ
413 1613 725 1706 ἀμφισβητήσοντος.
773 1615 835 1705 ἐγώ
859 1613 891 1686 δ’
917 1623 948 1686 εί
973 1618 1037 1706 μὲν
1064 1615 1172 1705 ἑώρων
1219 1677 1220 1696 ,

220 1713 306 1806 ὑμᾶς
326 1721 451 1806 μάλλον
471 1713 733 1806 ἀποδεχομένους
749 1714 807 1798 τὰς
825 1724 1066 1808 διαμαρτυρίας
1084 1712 1106 1806 ἢ
1122 1714 1172 1796 τάς
1219 1705 1220 1732 ¹

221 1813 434 1906 εόθυδικίας,
454 1812 516 1886 κάν
532 1816 698 1908 μάρτυρας
710 1815 945 1908 προύβαλόμην
962 1815 1006 1907 μὴ
1026 1821 1172 1888 ἐπίδικον

221 1917 305 1987 εἶναι
330 1915 389 1988 τόν
414 1921 536 2006 κλῆρον
562 1912 606 1998 τός
631 1921 852 2007 ποιησαμένου
875 1945 915 2007 με
931 1915 1008 1987 υίόυ
1023 1913 1172 1988 Ἀπολλο-

221 2016 331 2108 δάρου
344 2014 431 2090 ,κατά
448 2015 525 2098 τοδς
537 2016 678 2107 νόμους·
702 2015 815 2105 ἐπειδὴ
834 2014 866 2087 δ’
885 2014 925 2088 οό
945 2013 1122 2107 διαφεύγει
1138 2015 1171 2086 τά
1218 2065 1219 2108 ,

221 2124 333 2188 δίκαια
353 2115 398 2207 μὴ
421 2114 462 2187 οὐ
485 2121 540 2188 καὶ
562 2120 680 2188 τοῦτον
702 2117 945 2206 γιγνώσκεσθαι
962 2114 1022 2188 τόν
1040 2117 1170 2208 τρόπω,
1218 2119 1219 2144 ’

99 2267 108 2290 ι
219 2220 274 2286 καὶ
291 2214 370 2308 παρ’
388 2213 469 2306 ὑμίν
486 2214 598 2298 αὐτοῖς
614 2214 684 2306 ἥκω
698 2215 924 2306 διαλεξόμενος
941 2220 1018 2308 περὶ
1035 2221 1106 2288 τῶν
1121 2243 1170 2286 πε-

220 2318 434 2407 πραγμένων,
457 2323 513 2387 ἵνα
535 2323 699 2407 μηδεμίαν
720 2313 809 2406 ἡμῖν’
823 2325 932 2388 αἰτίαν
955 2321 1032 2409 περὶ
1056 2319 1118 2388 τοῦ
1131 2313 1171 2406 μὴ

185 2438 203 2486 4
220 2414 399 2502 βούλεσθαι
423 2421 541 2487 δοῦναι
560 2422 657 2506 δίκην
674 2415 830 2506 τοιαύτην
849 2419 1061 2509 ἐπιφέρωσιυ.
1099 2413 1170 2487 άπο-
1217 2495 1218 2500 1

221 2519 316 2598 δείξω
342 2517 379 2585 δὲ
403 2512 446 2596 άς
463 2513 503 2586 ου’
520 2516 623 2606 μόνου
641 2521 694 2589 ἐπὶ
711 2535 779 2599 τοῖς
797 2516 963 2605 ἐγγυτάτω
980 2522 1102 2607 γένους
1119 2515 1171 2592 τόν
1217 2513 1218 2576 λ

219 2617 342 2704 κλῆρον
352 2612 595 2706 Ἀπολλόδωρος
607 2615 648 2687 οό
661 2621 884 2706 καταλέλοιπε,
898 2617 1003 2688 πολλά
1014 2623 1072 2688 καί
1085 2615 1171 2689 δεινά

219 2709 286 2784 όπό
303 2712 429 2785 τούτων
446 2711 634 2806 άδικηθείς,
660 2715 742 2787 άλλά
768 2712 874 2788 καὶ
850 2746 893 2798 ως
921 2721 959 2807 ἐμ
961 2720 1018 2787 δ’
1001 2718 1170 2806 εποιησατο

221 2812 414 2903 δικαίως,
395 2843 476 2885 οντα
497 2812 723 2939 άδελφιδουυ,
744 2821 799 2888 καὶ
816 2816 942 2906 μεγάλα
961 2815 1217 2908 εὐεργετημέ-

218 2941 275 2992 νος
297 2910 359 3003 ὑφ’
378 2943 480 3004 ημων.
519 2919 633 3006 δέομαι
651 2914 723 2988 δὲ
703 2947 815 3007 υμων,
834 2947 859 2986 ω
848 2908 1015 3009 ἄνδρες,
1040 2918 1169 2989 πάντων

218 3006 338 3099 ὁμοίως
361 3012 494 3087 εὔνοιάν
516 3019 555 3086 τέ
567 3046 622 3108 μοι
639 3035 838 3188 παρασχεῖν,
862 3013 926 3089 κάν
949 3016 1057 3088 ἐπὶ
1020 3048 1082 3089 του
1099 3021 1170 3103 κλη-

220 3138 280 3200 ρον
300 3108 443 3208 άυαιδως
466 3113 587 3198 αότοός
616 3117 771 3199 ίόυταςέ
770 3121 926 3242 ξελέγχω,
956 3126 1098 3207 βοηθεῖν
1120 3145 1169 3206 μοι

218 3207 259 3277 τά
283 3216 401 3282 δίκαια.
442 3215 676 3338 ποιησομαιδ’
701 3246 745 3299 ως
768 3213 810 3288 άυ
832 3214 923 3307 κάγω
949 3218 1101 3339 δύνωμαι
1120 3211 1170 3285 διά
1215 3283 1216 3302 ,

219 3309 433 3399 βραχυτάτων
457 3312 533 3398 τοός
550 3317 684 3406 λόγους,
708 3314 778 3400 ἐξ’
758 3345 859 3408 αρχης
877 3314 921 3399 οἱς
940 3326 1006 3407 ἔχει
1022 3316 1063 3389 τά
1078 3313 1169 3407 γενό·
1215 3303 1216 3352 ³

219 3436 302 3480 αενα
320 3409 522 3484 διδάσκων
501 3421 595 3506 υμᾶς.
