2460 3918
202 189 244 286 ηρ
615 210 744 262 Ῑυειου
948 288 951 298 ι
1060 204 1112 258 οε.
1128 206 1151 256 ο.
1206 259 1207 286 ,

204 383 285 481 ήκεν
302 380 344 460 οὐ
361 381 530 479 έξοόρμει
512 415 532 475 η
549 386 647 471 ναύς,
675 385 730 452 καὶ
747 379 876 472 γράψας
900 377 1086 500 διαθήκην,
1105 370 1154 464 ἐφ’

205 488 254 572 οἷς
282 489 433 578 εἰσήγαγε
463 485 520 558 τόν
545 490 665 569 παῖδα,
692 489 902 553 κατατίθεται
927 475 1009 568 μετά
1033 475 1157 547 τοότων

153 609 190 662 28
206 619 294 681 παρα
283 585 510 711 Πυθοδήρω
535 596 709 707 Κηφιριεῖ,
737 580 935 674 προσήκοντι
962 574 1062 672 αὐτῷ.
1107 580 1158 647 καὶ
1206 621 1207 684 ρ

206 690 258 763 ότι
274 679 399 780 μέν,
371 719 397 759 ω
440 684 576 776 ἄνδρες,
603 680 665 773 οὐχ
682 678 726 764 ὥς
743 685 820 774 περὶ
837 689 985 771 γνησίων
1003 685 1160 770 ἔπραττεν
1206 697 1207 766 6

206 788 406 880 Εὐκτήμων,
436 784 456 857 6
482 783 678 907 Ἄνδροκλος
708 781 955 906 μεμαρτύρηκε,
994 781 1052 850 καί
1085 774 1160 848 αὐτο
1206 771 1207 854 ί

206 896 302 964 τούτο
329 885 444 959 ἱκανόν
468 884 659 976 τεκμήριον·
686 901 754 965 τοῖς
779 881 843 974 γάρ
860 881 961 972 φύσει
978 873 1146 950 νίέσιν’
1107 907 1161 948 αν
1206 901 1207 912 ¹

207 1021 267 1063 τον
255 986 394 1069 οὐδεὶς
406 985 521 1109 οὐδενὶ
540 990 575 1056 έν
594 983 739 1076 διαθήκη
750 981 871 1076 γράφει
885 981 980 1052 δόσιν
990 977 1160 1100 οὐδεμίαρ,

210 1085 324 1162 διότι
308 1119 326 1160 ο
343 1087 442 1178 νόμος
460 1115 557 1167 αυτος
567 1082 751 1155 αποδίδωσι
760 1113 807 1154 τω
795 1087 892 1153 νίεῑ
906 1079 948 1152 τά
964 1085 1026 1152 τοῦ
1044 1077 1161 1170 πατρός
1206 1073 1207 1154 ί

84 1187 93 1252 ἰ
208 1194 264 1262 καί
281 1187 361 1261 οὐδὲ
380 1191 557 1260 διαθέσθαι
576 1182 647 1277 6⁶
628 1213 692 1278 066
710 1179 753 1256 άν
770 1176 831 1256 οἷσι
847 1189 964 1264 παῖδες
981 1180 1123 1270 γνήσιοι.

157 1313 191 1366 26
283 1292 447 1379 Κτιμένου
466 1291 502 1358 δε
514 1317 575 1357 τον
564 1255 809 1408 γραμματείου
827 1279 946 1374 σχεδόν
965 1280 1021 1352 δύ’
1044 1289 1099 1370 ἔτη
1112 1283 1162 1350 καί

208 1418 267 1461 τον
255 1393 428 1512 Χαιρέου
444 1385 730 1510 τετελευτηκότος,
748 1382 1024 1464 ὑποπεπτωκότες
1037 1385 1162 1453 οιδε”
1125 1410 1160 1470 τη

209 1488 393 1612 άνθρρόπρι,
421 1484 516 1558 ταδ’
501 1492 644 1577 οροΞντες
670 1482 899 1577 άπολλύμενον
923 1481 982 1554 τόν
999 1483 1095 1553 οικου
1113 1485 1161 1550 καὶ

208 1587 245 1660 τό
270 1594 373 1680 γήρας
399 1591 454 1659 καί
480 1586 542 1676 τήν
567 1585 683 1709 66066
708 1614 767 1656 τον
755 1582 1017 1674 Εὐκτήμονος,
1048 1581 1098 1653 ότι
1116 1593 1160 1668 είη

156 1713 192 1766 30
209 1686 321 1818 αὐτοῖς
348 1686 491 1776 ίκανή’
471 1686 619 1777 αφορμή,
646 1695 937 1757 συνεπιτίθενται
960 1687 1016 1755 καὶ
1036 1685 1161 1775 πρῶτον

209 1819 270 1879 μεν
287 1798 442 1860 πείθουσι
459 1787 517 1858 τόν
534 1785 733 1908 Εὐκτήμονα
750 1785 811 1876 τήν
826 1816 850 1876 μ
852 1787 888 1856 ἓν
907 1781 1112 1906 διαθήκημ’
1094 1811 1160 1852 ανε-

210 1900 281 1960 λεῐν
308 1885 351 1970 ὡς
368 1885 408 1960 οὐ
426 1896 588 1979 χρησίμην
605 1878 710 1957 οὐσαν
726 1904 795 1968 τοῖς
812 1893 920 1956 παισί
947 1889 1005 1974 τής
1023 1883 1089 1974 γάρ
1106 1913 1161 1973 φα-

210 1994 306 2112 νεράς
333 1986 446 2070 οὐσίας
471 1985 594 2059 οὐδένα
620 1986 735 2078 κόριον
759 1995 894 2058 ἔσεσθαι
911 1985 1186 2074 τελευτήσαντος

211 2085 422 2178 Εὐκτήμονος
439 2086 540 2158 άλλον
555 2083 651 2176 ήτὰς
667 2091 854 2177 θυγατέρας
871 2090 926 2156 καὶ
944 2083 1022 2166 τούς
1043 2090 1080 2156 έκ
1096 2082 1161 2155 τού-

210 2218 278 2260 των
303 2188 492 2277 γεγονότας
520 2196 551 2258 εί
576 2190 613 2258 δὲ
630 2185 832 2276 άποδόμενός
854 2217 885 2257 τι
902 2191 970 2257 τῶν
986 2185 1097 2257 ὄντων
1113 2182 1160 2272 άρ-

161 2306 193 2358 31
211 2288 329 2378 γύριον
339 2297 523 2376 καταλίποι,
539 2293 636 2358 τοῦτο
653 2295 796 2376 βεβαίως
809 2291 894 2371 έξειν
912 2284 1044 2367 αὐτούς.
1072 2283 1159 2356 6606-

213 2411 272 2467 σας
297 2384 330 2457 δ’
353 2384 371 2458 6
393 2385 581 2477 Εὐκτήμων
605 2385 710 2469 εὐθύς
733 2384 849 2478 άπήτει
871 2385 929 2458 τόν
955 2386 1162 2477 Πυθόδωρον

212 2485 248 2556 τό
265 2504 501 2576 γραμματεῖον,
519 2490 574 2557 καὶ
591 2491 851 2579 προσεκαλέσατο
871 2496 917 2568 είς
936 2491 1097 2577 έμφανοῖν
1113 2514 1162 2555 κα-

212 2584 376 2657 τάστασιν.
413 2587 631 2668 καταστάντος
645 2589 682 2657 δὲ
694 2592 823 2710 έκείνομ
840 2587 922 2679 πρὸς
938 2585 998 2658 τόν
1015 2583 1193 2703 ἄρχοιτο,

160 2703 196 2756 32
214 2682 361 2807 666⁶
342 2714 392 2755 οτι
410 2683 556 2774 βούλοιτ’
575 2684 806 2758 ἀνελέσθαι
769 2717 831 2776 την
849 2687 1026 2777 διαθήκην.
1058 2681 1207 2770 ἐπειδή

216 2784 247 2855 δ’
244 2782 517 2910 ὁΠνθόδωρος
528 2791 597 2857 ἐκεί
582 2796 642 2880 ίνῳ
660 2790 720 2876 μὲν
737 2792 793 2858 καὶ
808 2817 855 2882 τω
844 2788 1093 2906 Φανοστράτῳ
1110 2813 1162 2855 πα·

215 2884 305 2976 ρόντι
324 2882 481 2976 ὡμολόγει
498 2883 664 3010 άναιρεῑν,
682 2917 741 2958 του
729 2890 797 2958 δὲ
808 2863 953 2980 Χαιρέου
970 2892 1034 2959 τοῦ
1049 2910 1162 2976 σνγκα-
1206 2907 1207 2918 ¹

214 2989 398 3107 ταθεμένορ
420 2987 572 3079 θυγάτηρ
589 2978 633 3076 ήν
650 2997 725 3077 μία,
752 2980 791 3076 ής
811 2987 924 3078 ἐπειδή
941 2988 1057 3079 πόριος
1074 3015 1162 3058 κατα-

216 3090 326 3172 σταίη,
353 3084 427 3155 τότε
451 3085 546 3174 ήξίον
571 3085 719 3178 άνελεῑν,
746 3085 834 3158 καθ’
818 3118 836 3159 0
853 3087 965 3180 άρχων
982 3086 1088 3170 οὕτως
1106 3091 1207 3175 ἐγι-
1206 3123 1207 3134 ι

215 3203 361 3304 γνωσκε,
401 3185 760 3305 διομολογησάμενος
744 3217 761 3258 o
794 3186 981 3280 Εὐκτήμων
1020 3193 1163 3261 ἐναντίον
1206 3213 1207 3264 4

216 3285 277 3351 τού
310 3279 463 3404 ἄρχοντος
497 3290 552 3356 καὶ
586 3316 654 3357 των
675 3293 851 3378 παρέδρων
874 3293 929 3360 καὶ
953 3288 1162 3380 ποιησάμενος
1206 3323 1207 3328 ’

216 3379 358 3462 πολλούς
369 3381 535 3503 μάρτυρας
554 3383 597 3468 ὦς
614 3383 725 3456 οὐκέτ’
743 3384 834 3480 αὐτῷ
850 3393 955 3460 κέοιτο
973 3387 994 3512 6
1015 3385 1163 3476 διαθήκη,
1206 3385 1207 3410 ί

253 3478 439 3553 ετοάπιοόν.
467 3488 569 3558 καίέν
586 3484 675 3557 πάνυ
692 3484 747 3557 όλί
744 3517 792 3581 γςο
809 3488 929 3583 χρόνῳ,
948 3517 1054 3580 ονπερ
1073 3492 1163 3558 ἕνεκα
1206 3549 1207 3560 ,
