2466 3914
73 225 95 276 p.
112 205 149 258 36.
211 207 313 257 ’ΠΕΡΙ
329 207 405 258 ΤΟΤ
422 207 657 260 ΚΛΕΩΝΤΜΟΤ
674 207 837 259 ΚΛΗΡΟΤ.
995 214 1014 276 9

73 377 185 470 ὥσπερ,
211 408 236 449 ω
227 370 393 471 ἀνδρες,
419 377 559 472 ἐχθροάς
575 376 849 470 τιμωρησόμενοι,
873 383 929 450 καὶ
952 378 1015 452 οὐκ

71 478 259 568 ἀναγκαίους
287 482 342 551 καὶ
369 498 542 570 συγγενεῖς
571 485 678 562 κακοῖς
707 478 906 603 ποιήσοντες.
953 482 1048 573 τήν3

71 572 190 670 μὲν
148 609 211 652 ουν
236 580 366 654 τούτων
393 579 631 673 ἀναισχυντίαν
659 579 778 652 καὶ
742 611 803 670 την
826 588 1013 707 αίσχροκέρ

72 689 154 752 δειαν
176 689 223 754 ἔτι
245 687 370 773 μᾶλλον
391 683 578 774 γνώσεσθε,
603 680 737 806 ἐπειδάν
759 681 894 754 πάντων
915 681 1012 755 ἄκου’-

70 803 150 871 σητε
178 781 320 856 όθενδ’
348 785 438 874 οἶμαι
461 781 588 875 τάχιστ’
612 779 654 855 ἀν
676 779 761 874 ἀμάς
789 796 914 874 μαθεῖν
936 789 1012 876 περὶ

70 875 110 955 όν
125 880 413 1008 ἀμφισβητοῦμεν,
433 891 592 958 ἐντεῦθεν
609 883 746 976 ἀρξομαι
764 885 942 957 διδάσκειν.

133 995 270 1068 Δεινίας
288 1015 351 1076 γαρ
367 1017 385 1057 ο
405 991 465 1059 τοῦ
482 984 602 1111 πατρός
613 982 756 1076 ἀδελφός
775 980 1013 1077 ἐπετροπενσεν
1030 1005 1048 1056 9

69 1083 156 1176 ἡμᾶς,
179 1100 274 1168 θεῖος
298 1083 345 1159 ἀν
361 1085 530 1179 όρφαυοάς
547 1086 654 1168 ὄντας.
695 1087 886 1182 Κλεωνυμω
905 1085 939 1158 δ
957 1079 1012 1160 οδ-

70 1217 127 1278 τος,
151 1218 176 1258 ω
166 1179 338 1311 ἀνδρες,
359 1185 570 1310 διάφορος
544 1218 592 1261 οιν
615 1197 739 1280 ἔτυχεν.
780 1184 1013 1313 ὁπότεροςν
951 1192 1013 1280 μὲν

69 1280 120 1360 οάν
140 1287 253 1361 αάτοῐν
275 1279 318 1378 ήν
340 1319 398 1379 της
421 1295 582 1414 διαφορας
605 1301 724 1412 αῖτιος,
749 1300 827 1371 ἴσως
850 1287 912 1360 οόκ
935 1289 1013 1381 ἐμόν

70 1398 153 1512 ἔργον
171 1395 241 1462 ἐστὶ
258 1409 466 1483 κατηγορεῖν
484 1390 571 1481 πλήν
588 1390 745 1462 τοσοῦτόν
761 1419 800 1479 γε
816 1385 859 1462 ἀν
876 1398 1012 1492 δικαίως

68 1488 166 1574 αὐτοῖς
195 1489 393 1618 ἀμφοτέροις
421 1501 628 1584 μεμψαίμην,
657 1488 707 1564 ότι
734 1496 789 1563 καὶ
818 1485 910 1583 φίλοι
932 1497 1012 1575 τέως

68 1589 147 1674 ’ἀιτες
168 1597 226 1664 καὶ
248 1592 443 1685 προφάσεοις
455 1591 621 1719 οὐδεμιᾶς
644 1597 840 1684 γενομένης
847 1598 882 1663 ἐκ
904 1593 1012 1683 λόγων

69 1697 155 1764 τινῶν
177 1691 284 1776 οὕτως
307 1700 381 1786 εἰκῇ
402 1694 483 1786 πρός
500 1693 663 1784 ἀλλήλους
687 1702 812 1818 ἔχθραν
828 1691 1007 1766 ἀνείλοντο.

69 1822 108 1863 οτι
129 1791 159 1865 δ
183 1785 248 1867 οὖν
272 1799 308 1866 ἐκ
330 1795 450 1885 ταύτης
473 1801 531 1890 τῆς
554 1795 653 1919 ὀργῆς
670 1795 869 1886 Κλεώνυμος
892 1794 1012 1876 ταύτας
1031 1818 1064 1868 10

69 1911 193 1967 ποιεῖται
210 1894 269 1978 τάς
288 1896 467 1987 διαθήκας,
485 1895 546 1990 οὐχ
563 1893 643 1988 ἡμῖν
660 1891 874 1986 ἐγκαλεῖν,’
851 1924 894 1977 οις
917 1893 1010 1966 ῧστει

70 2024 117 2082 ρον
139 1996 251 2087 ἐσώθη
275 1994 442 2087 ἔλεγεν,
427 2003 516 2090 οριόν
541 1995 613 2070 66‘
595 2002 678 2089 ημάς
697 2000 1010 2088 ἐπιτροπευομέυους

69 2091 122 2168 ἀπό
138 2108 295 2187 Δεινίου,
320 2103 376 2170 καῖ
400 2097 518 2182 δεδιοδς
539 2098 584 2190 μή
601 2098 826 2188 τελευτήσειεν
848 2094 945 2177 αάτός
964 2104 1010 2168 ἔτι

70 2205 176 2282 παῖδας
204 2196 289 2290 ἡμᾶς
317 2198 507 2272 καταλιπόν
534 2205 590 2272 καὶ
618 2204 676 2288 τής
710 2195 825 2280 οάσίας
853 2194 1010 2289 ἡμετέρας

69 2296 155 2420 οὔσης
164 2305 294 2390 γίνοιτο
306 2301 418 2422 κήριος
430 2310 582 2383 Δεινίας·
600 2297 710 2390 ήγεῖτο
728 2298 791 2434 γάρ
803 2298 915 2372 δεινόν
926 2300 1011 2371 εἶναι

70 2396 115 2470 τόν
130 2409 285 2493 ἔχθιστον
301 2407 368 2475 τοῖν
390 2410 522 2474 οίκείιιν
540 2407 716 2494 ἐπίτροπον
732 2405 788 2474 καὶ
806 2400 922 2492 κόριον
944 2406 1012 2472 τῶν

71 2495 160 2573 αότοά
188 2513 399 2594 καταλιπεῖν,
430 2508 487 2575 καὶ
508 2522 617 2576 ποιεῖν
643 2499 735 2627 αὐτῷ
755 2501 795 2575 τά
816 2501 1012 2623 νομιζόμενα

71 2605 188 2694 τοῦτον,
214 2608 275 2686 ἕως
298 2600 392 2695 ἡμεῖς
414 2596 665 2699 ήβήσαιμεν,οδ
686 2610 750 2690 ζοίν
773 2603 928 2695 διάφορος
952 2593 1010 2691 ήν

72 2707 159 2774 ιαάτα
182 2709 373 2828 διανοηθεὶς
396 2711 535 2796 ἐκεῖνος,
562 2702 623 2777 εἶτ’
647 2703 757 2797 ὀρθῶς
782 2716 847 2776 εῖτε
868 2703 929 2794 μή,
954 2701 1011 2784 τάς
1030 2715 1060 2764 11

72 2805 220 2894 διαθήκας
237 2805 359 2888 ταύτας
377 2812 515 2878 διέθετο.
551 2811 606 2877 καί
625 2803 730 2889 εάθάς
749 2809 934 2898 ἐρωτῶντος
951 2809 1012 2876 τοῦ

72 2913 195 2978 Δεινίου
217 2911 414 2998 παραχρῆμα
437 2920 469 2978 εί
492 2935 523 2978 τι
545 2904 624 3030 ἡμῖν
646 2903 668 2997 6
689 2938 735 3001 τῳ
724 2911 857 2999 πατρὶ
881 2910 1013 2995 ἐγκαλεῖ

72 3007 108 3094 τῷ
122 3001 281 3101 ἡμετέρῳ,
306 3005 504 3099 ἀπεκρίνατο
521 3009 655 3081 πάντων
671 3013 739 3081 τοῖν
756 3012 899 3080 πολιτιὶν
917 3012 1010 3079 ἔναυ·

73 3112 130 3175 τίον
149 3105 199 3179 ότι
221 3106 324 3180 οὐδὲν
347 3108 493 3201 πονηρόν
519 3109 692 3200 [ἐγκαλεῖ],
711 3115 802 3182 καῖέ
800 3109 1010 3204 μαρτύρησεν

73 3229 107 3284 ⁰³6
122 3204 324 3300 ὀργιζόμενος
344 3213 460 3304 ἐκείνῳ
483 3209 596 3282 καῖ’
556 3240 619 3283 ουκ
640 3209 751 3303 ὀρθοῖς
770 3211 1009 3301 βουλευόμενος

74 3309 161 3378 ταῦτα
183 3313 321 3382 διέθετο.
364 3316 434 3392 πῶς
456 3309 519 3403 γάρ
542 3307 584 3382 ἀν
602 3305 641 3384 εὖ
654 3318 810 3438 μρονιάν,
835 3343 861 3385 ω
849 3305 1009 3438 ἀνδρες,

74 3413 164 3492 κακῶς
180 3407 387 3502 ποιεῖν’ήμάς
405 3411 588 3503 ἐβουλήθη,
606 3412 682 3496 τούς
698 3412 862 3505 μηδδυ’
820 3411 922 3486 αυτδν
938 3411 1008 3502 ήδι·

76 3509 209 3600 ῖηκότας;
226 3510 367 3603 ὕστερον
385 3515 422 3584 66
439 3512 583 3604 τούτων,
601 3513 620 3585 6
636 3518 789 3604 μέγιστον
805 3511 1011 3606 ήμῖντεκμή-
1029 3531 1061 3580 12
