2460 3918
69 260 91 308 p.
85 239 145 292 ,ια
195 239 285 290 ΠΕΡΙ
301 237 378 290 σου
396 237 698 291 οιαοεειιιιοαοε
715 239 879 292 mor.
977 246 1018 308 ης

67 411 146 504 ἄλλω
162 411 228 481 τινί
246 407 375 503 τρόπῳ,
403 411 462 532 καὶ
479 414 515 479 ἐκ
531 407 659 480 τούτων
677 417 804 479 ἔσοιντο
822 415 869 478 ἔτι
887 419 1017 499 μείζους

68 481 231 600 ἰιαήιοραί,
251 516 414 630 ἔπειθον,
435 539 461 580 ω
449 501 673 632 ἅνθρες,
639 538 698 580 τον
717 508 1016 599 Φιλοκτήμοναίἆ-

65 635 113 682 σαι
137 618 326 700 εἰσαγαγεῖν
351 614 471 682 τούτου
496 608 555 681 τόν
580 616 685 681 παῖδα
712 607 768 699 ἐφ’
795 607 845 692 οἷς
872 607 1014 698 ἐζήτειό

68 709 257 834 Εὐκτήμων,
277 719 400 801 χωρίον
418 717 456 782 ἓν
475 709 586 782 ἰόντα.
622 707 712 781 xaz‘
695 738 714 780 ο
733 709 951 801 Φιλοκτήμων
969 719 1017 782 αί-
1034 733 1069 785 u

66 811 253 902 σχννόμενος
271 813 334 901 μὲν
352 815 406 882 ἐπὶ
422 815 466 903 τῇ
481 814 544 882 τού
554 809 677 931 πατρὸς
696 809 793 936 66066
800 807 963 902 ,ἀπορεῖν
982 809 1015 880 6’

65 911 120 983 ὅτι
135 911 295 1005 χρήσαιτο
321 916 369 1006 τῷ
385 911 525 1004 παρόντι
543 915 651 1006 κακῷ,
678 909 742 981 ούκ
768 865 1001 999 όύτίλεγεν’
961 939 1017 981 ου·

66 1017 120 1084 λέν.
168 1009 447 1104 ὁμολογηθέντων
480 1014 518 1084 66
542 1011 688 1100 τούτων,
722 1013 837 1082 καίἰ
806 1015 1017 1134 εἰσαχθέντος

65 1143 113 1183 τον
102 1112 253 1195 παιδὸς
279 1117 334 1184 ἐπὶ
359 1113 506 1204 τούτοις,
533 1109 706 1201 ιἰπηλλοίγη
732 1115 789 1200 τῆς
814 1111 972 1200 γυναικός
998 1108 1017 1182 6

65 1211 253 1340 Εὐκτήμων,
273 1217 330 1285 καί
349 1209 574 1298 ἔπεδείξατο”
554 1241 605 1283 οτι
622 1209 663 1283 ού
682 1221 745 1282 παί
730 1216 848 1282 ίὸων“
828 1240 926 1282 ενεκα
944 1211 1017 1335 ἐγή-

65 1343 123 1404 μει,
147 1312 221 1386 ἄλλ’
249 1321 308 1386 ἵνα
324 1319 447 1386 τούτου
474 1312 651 1402 εἰσαγάγω.
688 1310 777 1382 τί
737 1342 801 1435 γαρ
828 1319 897 1383 ἔθει
915 1309 1017 1436 66666
1034 1319 1067 1372 2⁶

65 1432 185 1505 γαμεῖν,
211 1406 240 1486 6
262 1412 490 1542 2466966663,
516 1425 632 1505 εἰπερ
655 1403 838 1502 οίίεησαν
862 1417 894 1496 ξ
913 1441 1017 1482 αυτου

66 1520 109 1585 καί
132 1515 292 1606 γυναικός
318 1514 437 1605 ἀστῆς,
465 1511 509 1597 τός
527 1513 571 1585 σύ
587 1511 860 1638 μεμαρτύρηκας,
886 1521 937 1595 τίς
953 1511 1017 1605 γαρ

65 1611 98 1686 όν
112 1613 314 1706 γνησίους”
294 1647 393 1700 οντας
419 1613 488 1698 οἷός
514 1645 551 1686 τε
576 1606 620 1705 ήν
638 1617 785 1686 κωλύσαι
811 1621 1016 1702 εἰσαγαγεῖνς

66 1712 144 1802 ήδιίι
169 1727 204 1788 τί
229 1721 286 1788 ἐπὶ
312 1724 422 1811 ῥητοῖς
441 1714 544 1788 αύτόν
568 1715 738 1804 εἰσήγαγε,
765 1718 827 1784 τοῦ
842 1713 947 1803 νόμον
965 1741 1016 1782 κε-

66 1817 237 1901 λεόοντος”
214 1846 366 1900 απαντας
383 1815 460 1899 τούς
477 1824 635 1906 γνησίους
649 1823 835 1904 ἰσομοίρους
852 1813 997 1883 εἰναι
949 1841 1017 1882 των

67 1919 229 2013 τατρςόωνς
258 1915 279 2008 6
307 1919 363 1991 διὰ
379 1928 415 1990 τί
434 1916 493 1988 τόν
515 1918 577 2008 μὲν
600 1914 828 2034 πρεσβύτερον
851 1928 923 1983 τοῖν
941 1919 1015 1982 παί-
1033 1921 1067 1975 26

68 2024 127 2091 606
153 2024 204 2090 ἐπὶ
224 2026 337 2112 ῥητοῖς
365 2017 536 2108 εἰσήγαγε,
563 2045 623 2087 του
611 2017 681 2085 66
698 2016 863 2103 νεωτέρου
881 2010 946 2134 666
963 2040 1015 2100 γε·
1066 2074 1070 2084 .

67 2119 183 2203 γουότος
206 2118 291 2191 οὐδὲ
314 2119 414 2209 λόγον
437 2121 617 2200 ἕποιεῖτοζ
601 2120 720 2200 ζῶντος
743 2115 747 2202 Ι
772 2111 1015 2202 Φιλοκτήμονος

67 2217 129 2338 066
144 2219 225 2313 πρὸς
254 2217 357 2292 αύτόν
384 2224 513 2290 ἐκεῖνον
543 2214 622 2288 ούτε
647 2213 728 2307 πρός
753 2211 831 2294 τούς
857 2220 1014 2298 οἰκείους;

67 2317 113 2400 οὓς
129 2320 168 2391 σύ
185 2325 255 2393 νύν
275 2319 460 2413 διαρρήδην
476 2315 729 2442 μεμαρτύρηκας
754 2319 912 2404 γνησίους
931 2313 1017 2384 εἰναι

69 2423 112 2488 καὶ
127 2421 352 2514 κληρονόμους
369 2425 437 2492 τοῖν
454 2415 676 2508 Εὐκτήμονος.
711 2419 822 2487 Ταῦτα
837 2409 995 2486 τοίνυν“
972 2441 1016 2495 ως

68 2516 164 2612 ἆληθή
181 2526 286 2614 λέγω,
305 2517 537 2613 ἀναγίγνωσκε
553 2516 611 2599 τὰς
628 2524 831 2608 μαρτυρίας..
907 2555 911 2563 ·

427 2684 640 2738 ΜΑΡΤΤΡΙΑΙ.

131 2826 225 2898 Μετίι
251 2831 358 2899 ταῦτα
383 2834 500 2897 τοίνυν
527 2819 545 2946 6
573 2819 791 2911 Φιλοκτήμων
807 2845 1015 2940 τριηραρχων
1031 2831 1064 2882 27

70 2930 132 3049 περὶ
150 2938 232 3000 Χίον
250 2925 457 3017 ἀποθνήσκει
482 2921 548 3049 666
565 2953 633 2994 των
650 2927 831 3010 πολεμίων
858 2912 929 2988 66’
947 2913 1014 2988 Εύ·

69 3026 187 3116 κτήμων
204 3025 346 3121 ὕστερον
363 3026 472 3121 χρόνῳ
483 3023 565 3157 6669
581 3022 659 3104 τούς
677 3015 835 3146 κηδεστὰς
854 3015 983 3089 εἵπετ’
964 3047 1015 3089 οτι

69 3127 270 3210 βούλοιτο
233 3159 274 3201 τα
299 3127 381 3220 πρός
406 3126 465 3199 τόν
489 3125 566 3197 υίόν
591 3130 626 3194 οἰ
648 3121 861 3212 πεπραγμένα
885 3118 1014 3212 γράψας

69 3233 269 3302 καταθέσθαι.
306 3224 395 3302 uaz‘
380 3258 398 3299 ο
415 3229 477 3318 μὲν
496 3224 725 3314 Φανόστρατος
752 3225 883 3292 ἐκπλεῖν
901 3228 1014 3311 ἔμελλε
1082 3255 1085 3262 ·

70 3354 261 3421 τριηραρχων
286 3360 369 3422 μετα
357 3329 571 3419 Ίλμοθόου,
599 3319 690 3395 καί
672 3352 693 3412 η
710 3325 793 3404 ναῦς
810 3318 899 3414 αύτω
887 3319 1013 3412 ἐξύρ-

71 3439 346 3522 μειΜουννχίασι,
365 3425 455 3502 καὶ
438 3458 457 3499 ο
472 3425 635 3553 κηδεστής
646 3426 787 3514 Χαιρέας
802 3419 917 3544 66966
933 3443 1013 3491 σνν-

72 3532 254 3604 απίστελλεν
273 3530 376 3606 αύτόν
385 3525 481 3602 66’
500 3524 686 3617 Ειύκίήμων
703 3520 905 3613 παραλαβών
921 3549 1006 3602 τινας
