2460 3918
82 165 105 214 ρ.
120 147 158 198 οε.
201 147 293 202 ΠΕΡΙ
309 149 385 200 νον
404 147 704 202 οιΛοΚυιτυουοΣ
721 115 885 205 Κλυεουζ
983 159 1024 222 87

80 315 213 406 γνήσιοι,
231 317 290 390 τόν
307 322 485 411 ἐπίτροπον
503 323 612 414 ἑαυτῷ
628 314 804 446 λαγχάνειν
820 323 882 392 τοτῖ
897 321 1025 413 Εόκτή-

79 447 167 506 μονος
184 417 308 509 κλήρου
326 422 442 489 καὶ
399 448 458 507 της
470 418 636 511 θυγατρός
655 418 760 492 αὐτοῦ
776 450 820 502 ως
837 420 937 511 ουσης
956 429 1024 494 ἐπι-

22 511 23 514 '
78 525 110 586 δί
108 545 214 606 κον,ε
198 521 284 589 είδέ
301 549 345 608 μη
337 519 424 590 είσι
435 519 582 608 γνήσιοι
601 525 666 591 νῦν
658 526 1023 648 διαμεμαρτυρηκέναι

77 614 115 697 ός
138 620 200 688 είσί
209 618 374 743 γνήσιρι;
399 649 510 743 ταυτρι
534 619 598 744 γάρ
624 618 708 691 αὐτοὶ
734 625 864 702 ἑαυτοῖς
890 626 1024 693 ἐναντία

77 722 163 788 ἐστίν
198 716 278 789 ὥστ’
302 749 344 790 ου
365 719 468 809 μόνον
485 717 548 810 ὑφ’
566 717 660 810 ήμοῖν
678 725 839 810 ἐλέγχεται
855 751 897 792 τοι
886 720 1024 811 ψευδῆ

77 819 396 911 διαμεμαρτυρηκιός,
430 818 513 891 άλλά
537 824 593 891 καὶ
620 812 706 904 ἐξ
679 852 728 892 ων
754 819 851 904 αότδς
877 821 1020 913 πράττει

75 922 120 988 καί
136 918 242 1012 τοάτηι
260 921 323 1044 μέτ’)
348 918 460 1002 οὐδεὶς
480 927 697 1011 διαμαρτυρεῑ
711 951 756 1011 μη
744 919 922 992 ἐπίδικον
939 923 1022 992 εἶναι
1039 945 1075 998 5⁹

74 1018 123 1090 τόν
138 1024 280 1111 κλήρου,
298 1018 372 1091 ἀλλ’
393 1019 616 1112 εὐθυδικίᾳί
585 1048 600 1090 ε
602 1023 736 1092 ί·σιέναι
754 1049 849 1102 ουτος
868 1019 942 1091 δ’”
919 1047 1067 1092 απαν-

74 1147 122 1199 τας
145 1117 325 1213 ἀποστερεῖ
348 1125 406 1209 τής
431 1119 715 1211 ἀμφισβητήσεως
755 1124 810 1192 καὶ
838 1121 1022 1213 διαρρήδην

74 1220 276 1311 μαρτυρήσας
293 1229 452 1310 γνησίους
468 1249 546 1301 τους
558 1227 679 1302 παῖδας
691 1220 792 1310 εἶναι,
811 1231 914 1292 οίεται
932 1226 1023 1312 ἐξαρ·

18 1343 19 1346 ’
73 1321 171 1389 κε’σειν
187 1317 274 1410 ὑμῖν
291 1320 527 1413 παρεκβάσεις,
551 1318 609 1392 ἐάν
627 1322 665 1391 δὲ
680 1325 778 1391 τοῦτο
794 1321 856 1410 μέν
872 1319 952 1410 μηδ’
972 1326 1022 1409 έγ·

74 1419 198 1510 χειρήση
211 1420 441 1492 ἐπιδεικνύναι
453 1417 475 1510 ή
487 1424 543 1491 καὶ
554 1418 637 1491 κατά
646 1419 764 1512 μικρόν
773 1450 805 1492 τι
823 1424 1022 1510 ἐπιμνησθή,

16 1527 19 1612 F
73 1513 142 1607 ἡμῖν
165 1521 202 1590 δὲ
224 1520 459 1611 λοιδορήσηται
481 1520 606 1611 μεγάλη
630 1526 671 1610 τη
693 1526 791 1610 φωνή
812 1524 867 1590 καὶ
884 1524 963 1610 λέγη
978 1516 1022 1601 ὥς
1150 1607 1153 1614 .

76 1622 151 1690 είσλν
166 1627 239 1691 οἵδε
252 1623 315 1711 μὲν
332 1620 483 1693 πλούσιοι
496 1618 594 1702 αὐτός
609 1623 646 1691 δὲ
657 1624 773 1710 πένης,
794 1618 848 1690 διά
866 1623 903 1691 δέ
919 1625 1022 1691 ταῦτα

15 1807 16 1812 ¹
74 1717 171 1802 δόξειν
195 1719 276 1802 τούς
303 1727 424 1802 παῖδας
451 1722 536 1795 εἶναι
561 1729 728 1810 γνησίους.
764 1724 821 1808 τής
841 1723 877 1790 δὲ
893 1720 1021 1791 τούτων
1037 1740 1074 1796 σο

15 1859 16 1882 ι
74 1815 193 1910 οὐσίτις,
219 1813 404 1912 οἶάνδρες,
429 1829 476 1902 είς
493 1819 555 1909 τήν
577 1820 675 1892 πόλιν
692 1828 794 1890 πλείω
811 1817 1020 1890 ἀναλίσκεται

14 1971 16 2012 ,
75 1912 149 2004 ήείς
165 1918 291 2002 αότοδς
308 1921 454 2002 τούτους.
473 1987 479 1994 ,
499 1924 555 1991 καὶ
573 1920 802 2010 Φανόστρατος
819 1921 880 2008 μὲν
896 1947 1021 2007 τετριη·

74 2017 227 2108 ράρχηκεν
256 2021 388 2103 ἑπτάκις
413 2019 496 2142 ήδη,
523 2019 579 2101 τάς
606 2021 643 2089 δὲ
669 2026 872 2109 λειτουργίας
894 2014 1022 2100 ἁπάσας

14 2121 315 2212 λελειτούργηκε
346 2123 403 2192 καὶ
432 2118 490 2201 τάς
521 2129 674 2200 πλείστας
703 2126 800 2198 νίκας
830 2126 1021 2206 νενίκηκεν

14 2169 16 2298 F
74 2213 177 2290 οὑτοσὶ
189 2223 227 2291 δὲ
242 2225 482 2313 Χαιρέστρατος
493 2223 683 2309 τηλικουτος
695 2248 743 2290 ων
758 2217 1021 2310 τετριηράρχηκε,

14 2301 16 2456 F
75 2321 292 2444 κεχορήγηκε
292 2323 329 2392 δὲ
345 2328 543 2414 τραγῳδοῖς,
568 2317 871 2443 γεγυμνασιάρχηκε
888 2319 925 2388 δέ
942 2329 1068 2409 λαμ·

14 2471 15 2476 1
14 2418 161 2488 τάδε
179 2420 292 2512 καὶ
255 2450 313 2503 τας
332 2449 347 2492 ε
350 2419 490 2510 σφορας
507 2415 786 2509 είσενηνόχασιν’
766 2418 944 2511 αμφότεροι
961 2421 1022 2490 πά-

14 2509 15 2564 Ῑ
76 2539 126 2599 σας
143 2525 178 2592 ἐν
194 2539 265 2603 τοῖς
281 2529 488 2612 τριακοσίοις.
515 2523 626 2590 κάλ’
587 2547 667 2601 τεως
683 2521 745 2609 μὲν
764 2517 855 2589 δό’”
835 2548 939 2609 οντες,
957 2551 1023 2592 νυν
1210 2577 1211 2598 ,

77 2619 176 2690 δὲκαὶ
194 2618 212 2693 ό
231 2621 390 2712 νεεότερος
407 2616 520 2692 οὑτοσί
537 2625 671 2711 χορηγεῖ
684 2621 746 2710 μὲν
761 2628 991 2713 τραγῳδοίς,ε
975 2629 1023 2702 είς

77 2719 110 2787 δε
132 2749 208 2802 τους
235 2730 444 2815 τριακοσίους
471 2725 686 2812 ἐγγέγραπται
712 2724 828 2792 καὶί
795 2724 940 2810 είσφέρει
966 2719 1023 2802 τάς
1208 2723 1210 2846 F

77 2821 233 2912 εἰσφοράς.
283 2818 361 2892 ὥστ’
395 2850 435 2892 ου
461 2830 669 2910 φθονεῖσθαί
698 2829 782 2892 εἰσιν
807 2819 905 2908 αξιοι,
940 2817 1023 2892 άλλά
1038 2838 1071 2892 61

76 2918 153 2989 πολδ
177 2926 304 3011 μᾶλλον
328 2951 370 3010 νη
388 2929 438 2992 Δί
436 2951 457 2990 α
423 2919 585 2992 ίκαὶ
550 2951 609 2993 τον
622 2918 767 2993 Ἀπόλλω
785 2949 936 3010 ουτοι,ε
920 2921 1022 3011 είλή-

77 3019 233 3098 ψονται“
211 3052 233 3091 α
258 3021 303 3112 μή
325 3022 482 3112 προσήκει
505 3019 626 3103 αὐτοῖς.
661 3025 721 3092 τοῦ
741 3018 803 3111 γάρ
823 3021 1021 3114 Φιλοκτήμο-

78 3145 128 3199 νος
144 3118 305 3213 κλήρου”
285 3152 328 3192 αν
344 3123 406 3211 μέν
423 3121 648 3244 ἐπιδικάσηται
664 3117 770 3210 ὅδε,
750 3139 831 3211 υμιν
847 3120 950 3198 αυτόν
966 3156 1021 3196 τα·

78 3218 209 3310 μιεόσει,
221 3221 262 3292 τά
272 3221 538 3344 προσταττόμενα
549 3219 785 3312 λειτουργῶν“
758 3245 867 3318 ωσπερ
884 3230 1002 3296 καὶ
956 3257 1021 3298 ννν

78 3320 127 3388 καὶ
145 3327 190 3391 ἔτι
205 3326 345 3412 μᾶλλον
365 3320 422 3392 έάν
441 3319 473 3392 δ’
492 3351 584 3394 ουτοι
601 3320 741 3413 λάβωσι,
762 3326 1022 3418 διαφορήσαντες

79 3416 193 3512 ἑτέροις
210 3421 495 3511 ἐπιβουλεύσουσι.
