2460 3918
206 176 270 239 104
620 166 748 220 ΙΣΑΙΟΤ
1065 167 1119 220 02.
1139 167 1166 218 ο.

205 338 268 463 τίην
303 337 384 430 ἐμην
417 339 526 463 τήδηγ
559 329 663 409 οὖσαν
685 333 894 426 άνεψιάν,ε
879 334 1081 426 ἐξάδελφῆς
1106 341 1169 425 τῆς

207 436 314 512 αδτού
335 439 455 532 μητρὸς
479 437 583 527 αὐτὴν
610 441 841 528 γεγενημένην
883 442 991 525 ἐκείνη
1015 429 1144 528 μέν’
1100 466 1169 508 ουν

207 539 432 629 συνοικήσασα
459 537 499 610 ού
526 537 632 610 πολύν
653 537 789 630 χρόνον,
819 541 959 609 τεκούσα
987 534 1080 630 αύτῷ
1102 567 1168 627 την

208 640 290 730 ἐμὴν
306 643 445 732 μητέρα,
467 667 547 730 μετα
536 636 735 720 ἐνιαυτούς
756 635 960 730 τέτταρας
926 666 985 709 τον
1002 607 1079 725 βίον
1099 643 1168 709 ἐτε-

207 740 381 830 λεύτησεν·
405 737 423 810 6
448 741 485 810 δέ
507 738 637 821 πάππος
659 742 734 829 μιάς
751 737 853 828 μάνης
874 736 975 826 οὔσης
992 735 1084 830 αύτῷ
1101 751 1168 809 δν-

206 839 325 932 γατρδς
349 839 510 930 λαμβάνει
533 839 632 910 πάλιν
655 837 715 928 τὴν
738 841 918 920 Διοκλέους
940 834 1105 927 άδείφήν,
1132 844 1168 923 ἐξ

207 932 246 1030 ἧς
263 938 354 1033 αύτῷ
371 944 569 1030 ἐγιγνέσδην
579 947 663 1021 υίεῑς
682 938 751 1010 δύο.
782 943 838 1010 καὶ
856 943 986 1027 ἐκείνην
997 965 1034 1008 τε
1046 945 1167 1029 ἔτρεφε

206 1038 296 1132 παρά
317 1045 358 1131 τῇ
378 1044 513 1129 γυναικὶ
535 1043 591 1110 καὶ
620 1037 699 1132 μετά
721 1043 789 1110 τόν
812 1043 844 1123 ἐξ
868 1043 995 1128 ἐκείνης
1018 1046 1166 1129 παίδων,

172 1149 191 1200 8
208 1145 344 1212 ἐκείνων
360 1170 396 1212 τε
414 1149 460 1212 ἔτι
478 1141 619 1231 ζύντων,
639 1143 709 1212 ἐπεὶ
725 1157 894 1211 συνοικεῖν
913 1139 1001 1228 εἶχεν
1017 1135 1166 1229 ἡλικίαν,

209 1245 386 1313 ἐκδίδωσιν
403 1239 508 1330 αύτην
525 1245 730 1331 Ναυσιμένει
741 1251 921 1331 Χολαργεῖ,
941 1237 1005 1310 σδν
1023 1243 1168 1329 ἱματίοις

209 1346 264 1413 καὶ
282 1351 428 1433 χρυσίοις
451 1346 549 1414 πέντε
571 1345 626 1413 καὶ
650 1353 752 1412 είκοσι
769 1345 853 1432 μνάς
872 1339 1015 1421 ἐπιδούς.
1052 1336 1167 1412 κάκεῑ-

208 1471 266 1522 νος
283 1443 345 1532 μὲν
361 1445 469 1534 τρισὶν
487 1439 507 1532 ἢ
524 1445 694 1533 τέτταρσιν
712 1450 797 1514 ἐτεσι
813 1440 893 1532 μετά
909 1445 1014 1512 ταύτα
1027 1439 1169 1565 κάμνων

207 1538 428 1665 ἀποθνήσκει,
446 1540 586 1635 πρὶν’
544 1572 633 1636 αυτῳ
621 1544 807 1638 γενέσθαι
818 1551 938 1625 παῖδας
958 1545 1052 1612 ἐκ
993 1570 1068 1666 της
1085 1538 1167 1634 ἡμε-

205 1644 302 1733 τέρας
324 1642 459 1734 μητρός·
483 1672 502 1714 ο
491 1639 563 1714 δὲ
579 1642 710 1725 πάππος
726 1643 941 1734 κομισάμενος
959 1639 1083 1732 αύτήν,
1109 1648 1168 1714 καὶ

205 1770 269 1832 την
284 1760 404 1833 προῖκα
420 1739 482 1814 ούκ
498 1728 716 1832 άποίαβων”
697 1766 779 1867 οσηγ
796 1750 899 1815 ἔδωκε
918 1742 973 1814 διά
988 1772 1051 1831 την
1068 1755 1166 1815 Ναυ

207 1845 360 1960 σιμένους
383 1839 525 1935 άπορίαν
546 1873 614 1915 των
637 1843 852 1936 πραγμάτων,
881 1844 982 1915 πάλιν
1007 1848 1166 1916 ἐκδίδωσι

204 1972 252 2036 τω
240 1947 342 2036 ἐμῷ
364 1947 462 2066 πατρὶ
487 1948 541 2015 καὶ
559 1953 664 2035 χιλίας
683 1942 827 2036 δραχμάς
844 1941 956 2036 προῖκ’
977 1949 1162 2016 ἐπιδίδωσι.

172 2056 190 2108 9
211 2047 313 2114 Ταυτὶ
338 2043 395 2162 δη.
402 2043 510 2115 πάντα
527 2043 608 2137 πρὸς
624 2044 682 2127 τάς
704 2040 870 2135 αἰτίας,“
849 2074 888 2127 ας
909 2049 975 2116 νύν
991 2034 1086 2116 ούτοι
1113 2050 1163 2117 λε’
1228 2111 1229 2120 ,

205 2166 318 2234 γουσι,
343 2171 411 2226 πως
428 2143 470 2216 άν
486 2175 534 2226 τις
552 2150 669 2230 δείξειε
684 2147 888 2270 γεγενημένα
903 2173 1074 2237 φανερως;
1100 2146 1164 2236 ἐγω

206 2245 311 2330 ζητων
334 2247 474 2365 ἐξεύρον
515 2243 643 2336 ἀνάγκη
665 2277 726 2335 την
749 2243 830 2335 έμην
852 2249 992 2339 μητέρα,
1017 2256 1083 2315 εἴτε
1099 2247 1164 2318 ’δυ-

205 2341 309 2434 γάτηρ
331 2372 374 2430 ην
390 2354 540 2437 Κίρωνος
564 2357 630 2417 εἴτε
646 2345 707 2436 μή,
729 2350 835 2417 καὶεί
821 2355 940 2518 ίιταρὲ
921 2344 1072 2438 ’ἐκείνω
1092 2353 1164 2437 διη-
1227 2351 1228 2422 ί

206 2444 282 2512 τάτο
302 2437 336 2532 [η
351 2443 422 2533 06],
441 2445 556 2516 καί’
513 2476 638 2538 γαμονς
657 2447 709 2538 [εί]
731 2444 894 2529 διττούς
875 2448 940 2518 νπέ
940 2477 960 2539 ρ
977 2445 1101 2535 ταύτης
1121 2453 1162 2518 εί-

206 2551 340 2612 στίασεν
361 2572 382 2631 η
399 2572 460 2634 μη,
483 2548 540 2615 καὶ
557 2564 677 2638 προῖκα
698 2544 816 2635 ἥντινα
834 2546 986 2638 ἑκάτερος
1005 2543 1057 2618 ἐπ’
1077 2544 1163 2638 αντη
1226 2553 1227 2558 ’

205 2669 273 2713 των
294 2641 470 2732 γημάντων
491 2653 605 2737 ἔλαβε,
630 2646 737 2718 πάντα
757 2651 862 2719 ταύτα
879 2650 1004 2719 εἰδέναι
1019 2675 1100 2728 τους
1117 2655 1160 2718 ο

156 2756 189 2808 10
206 2745 301 2825 κέτας
318 2741 426 2814 καὶ
390 2773 447 2826 τας
464 2757 672 2837 θεραπαίνας
688 2777 726 2829 ας
745 2753 867 2830 ἐκεῖνος
887 2751 1047 2837 έ.κέκτητο
1084 2755 1226 2836 βου-

205 2841 341 2931 λύμενος
359 2835 422 2916 ούν
443 2843 524 2935 πρδς
545 2866 613 2930 τοῖς
633 2845 817 2939 ύπάρχουσι
840 2849 1003 2941 μάρτυσιν
1027 2855 1159 2938 ἔλεγχον

207 2946 243 3012 ἐκ
266 2944 421 3031 βασάνων
449 2946 651 3036 ποιησασθαι
684 2952 760 3040 περὶ
793 2946 923 3039 αύτων,
958 2955 1015 3021 ἵνα
1036 2953 1157 3039 μάλλον

206 3039 318 3125 αὐτοῖς
343 3045 516 3135 πιστεύητε
538 3078 599 3171 μη
605 3053 760 3139 μέλλουσι
783 3048 904 3120 δωσειν
927 3056 1062 3140 ἔλεγχον
1085 3045 1154 3118 ἄλλ’

205 3139 270 3231 ἤδη
289 3145 449 3216 δεδωκόσι
471 3139 599 3239 περὶ
571 3178 619 3220 ων
641 3151 859 3240 μαρτυροῦσι,
884 3149 1022 3232 τούτους
1046 3147 1155 3238 ἠξίουν

205 3243 424 3313 ἐκδοῦναι
387 3274 445 3326 τας
467 3259 673 3338 θεραπαίνας
696 3250 751 3319 καὶ
774 3247 852 3330 τούς
875 3252 1002 3332 οἰκέτας
1027 3256 1105 3336 περί
1122 3275 1155 3318 τε
1223 3299 1224 3308 ι

203 3339 331 3414 τούτων
343 3347 397 3414 καὶ
415 3348 557 3467 περὶ
509 3377 576 3418 των
593 3345 738 3418 &meust
720 3347 875 3419 απάντων
886 3347 947 3420 ὅσα
960 3346 1154 3440 τυγχάνουσι

155 3455 186 3508 11
204 3441 400 3525 συνειδότες.
436 3435 623 3528 ούτοςδΗ
607 3452 706 3518 ονύν
728 3444 812 3538 ύμας
834 3446 984 3542 άξιωσων
1007 3467 1076 3530 τοῖς
1098 3443 1154 3520 αύ-
