2460 3918
59 181 131 251 μω.
190 179 279 230 ΠΕΡΙ
295 177 372 230 σου
390 176 668 231 ωωωουοαουε
684 178 848 232 κεωεου.
952 186 990 246 71

59 371 113 434 τοῖς
144 357 241 442 ίεροιῖς
273 347 472 441 ἀναθήματα
486 353 618 420 ἐκείνοι
644 353 680 419 ἐκ
705 352 772 420 τοῖν
797 349 990 441 περιόντων,

58 469 180 544 μνημεῖα
195 455 253 539 τής
268 447 380 521 αὑτων
396 449 531 542 ἀρετῆς,
556 445 738 538 ἀνέθεσαν,
763 453 860 520 τοῦτο
876 452 938 539 μὲν
956 456 992 522 ἐν

58 551 209 627 Διονύσον
233 558 410 641 τρίποδας,
436 548 495 633 οὓς
519 555 737 642 χορηγουντες
762 553 818 620 καὶ
834 555 991 633 νικῶντες

60 661 176 742 ἔλαβον,
202 656 300 724 τοῦτο
329 650 360 721 δ’
390 657 426 724 ἐν
450 659 604 723 Πυθίου·
632 659 678 722 ἔτι
707 647 739 721 δ’
768 655 804 721 ἐν
821 647 999 740 ἀκροπόλει
1015 669 1049 720 42

59 751 186 845 ἀπαρχὰς
202 757 271 824 τάν
287 751 395 826 ὄντων
406 750 587 836 ἀναθέντες
604 762 748 840 πολλοῖς,
767 747 811 833 ἀς
828 748 892 822 ἀπὸ
910 757 997 833 ἰδίας

59 854 194 943 κτήσεως,
213 849 379 944 ἀγάλμασι
395 864 527 944 χαλκοῖς
545 855 600 923 καὶ
617 861 762 934 λιθίνοις,
776 850 998 941 κεκοσμήκασι

58 953 85 1024 τὸ
107 952 198 1046 ίερόν.
244 951 340 1025 αὐτοὶ
367 952 399 1026 δ’
417 951 503 1046 ὑπὲρ
520 957 578 1042 τής
604 959 762 1044 πατρίδος
778 955 999 1042 πολεμοῦντες

58 1053 226 1146 ἀπίθανον,
254 1059 473 1145 Δικαιογένης
499 1056 561 1145 μὲν
586 1051 603 1124 ὁ
630 1056 822 1136 Μενεξένου
839 1056 899 1122 τοῦ
917 1056 1001 1142 ἐμοδ

57 1155 174 1228 κάππου
198 1153 308 1246 πατήρ
334 1160 527 1248 στρατηγῶν
553 1152 607 1225 ὅτε
633 1150 654 1242 ή
681 1158 718 1224 ἐν
732 1151 894 1224 Ἐλευσῖνι
911 1151 997 1243 μάχη

59 1253 182 1347 ἐγένετο,
201 1259 391 1341 Μενέξενος
410 1253 479 1327 δ’ὁ
499 1260 627 1326 ἐκείνου
652 1253 725 1334 υίὸς
742 1257 923 1344 φυλαργοῐν
938 1256 996 1341 τῆς

56 1353 209 1439 Ὀλυνθίοις
236 1362 274 1428 ἐν
299 1356 509 1452 Σπαρτάλμ,
536 1360 754 1444 Δικαιογένης
781 1357 818 1425 δὲ
843 1349 862 1424 ὁ
885 1365 995 1425 Μενε-

57 1461 136 1539 ξένου
159 1462 368 1550 τριηραρχων
393 1462 451 1548 τής
468 1457 627 1549 Παράλου
646 1461 682 1528 ἐν
698 1462 824 1550 Κνίδῳ.
860 1453 997 1544 τὸνμὲν
1012 1477 1047 1530 43

57 1557 157 1630 τοίνυν
172 1558 267 1630 οἷκον
284 1558 341 1648 σύ,
367 1549 395 1630 ἀ
410 1556 642 1651 Δικαιόήενες,
669 1553 871 1650 παραλαβών
888 1558 996 1636 κακοῖς

57 1661 99 1727 καὶ
114 1664 258 1752 αἰσχροῖς
268 1659 478 1749 διολώλεκας,
496 1663 553 1730 καὶ
572 1656 864 1751 ἐξαργυρισάμενος
877 1663 996 1726 πενίαν

57 1754 159 1851 ὀδίρη,
185 1777 245 1832 ποί
270 1757 458 1847 ἀναλωσαςς
481 1757 558 1832 οὔτε
580 1758 643 1851 γάρ
662 1767 709 1840 είς
725 1758 787 1847 τήν
804 1755 903 1828 πόλιν
917 1753 996 1826 οὔτε

58 1867 93 1940 δίς
107 1860 179 1943 τούς
196 1870 318 1951 φίλους
334 1859 479 1953 φανερὸς
497 1861 529 1932 εέ
545 1862 750 1948 δαπανηθεὶς
768 1854 877 1928 οὐδέν.
913 1853 996 1924 ἀλλά

57 1957 108 2047 μήν
122 1959 199 2033 οὐδὲ
216 1961 549 2053 καθιπποτρόφηκας·
577 1959 617 2030 οὐ
634 1959 698 2050 γάρ
715 1959 845 2030 πώποτε
871 1953 994 2043 ἐκτήσω

57 2065 140 2132 ίταον
164 2071 320 2144 πλείονος
345 2061 437 2147 ἀξιον
453 2058 474 2150 ή
491 2064 593 2151 τριων
619 2064 726 2150 μναῖν·
753 2055 830 2130 οὔτε
847 2065 995 2140 κατεζευ-

57 2161 262 2253 γνιρόφηκας,
291 2167 363 2234 ἐπεὶ
389 2159 470 2234 οὐδὲ
486 2164 599 2250 ζεῦγος
618 2160 742 2249 ἐκτήσω
760 2154 873 2249 ὀρικδν
899 2153 995 2226 οὐδε-

57 2260 168 2334 πάκοτε
194 2267 250 2335 ἐπὶ
275 2263 443 2344 τοσούτοις
469 2259 583 2353 ἀγροῖς
609 2265 664 2330 καλ
698 2257 867 2350 κτήμασιν.
920 2252 993 2327 ἀλλ’
1012 2284 1047 2334 44

57 2357 117 2430 οὐδ’
142 2369 177 2435 ἐκ
200 2367 272 2435 των
288 2372 455 2454 πολεμίων
474 2360 580 2432 ε’λιίσω
597 2358 728 2433 οάδίνα.
766 2355 839 2429 ἀλλ’
857 2354 938 2429 οὐδὲ
954 2355 995 2427 τά

58 2456 253 2555 ἀναθήματα,
280 2461 301 2534 ἀ
326 2465 514 2548 Μενέξενος
539 2467 640 2554 τριῶν
664 2460 835 2533 ταλάντων
859 2456 995 2547 ποιησά·

57 2589 136 2647 μενος
152 2563 304 2638 ἀπέθανε
320 2567 400 2655 πρὶν
417 2561 610 2653 ἀναθεῖναι,
630 2571 677 2645 είς
694 2561 791 2634 πόλιν
808 2558 993 2650 κεκόμικας,

58 2657 114 2733 ἀλλ’
133 2670 167 2737 ἐν
183 2682 255 2747 τοῖς
271 2673 493 2756 λιθουργείοις
512 2671 560 2735 ἐτι
576 2671 796 2753 κυλινδεῖται,
822 2664 879 2731 καὶ
895 2656 994 2739 αὐτὸς

57 2763 104 2848 μὲν
117 2762 227 2854 ήξίυυς
246 2770 425 2854 κεκτῆσθαι
443 2762 464 2835 δ’
481 2786 533 2836 σοι
549 2761 651 2836 οὐδὲν
667 2767 812 2855 προσῆκε
833 2758 993 2851 χρήματα,

56 2879 110 2946 τοῖς
127 2868 162 2936 δέ
178 2880 273 2949 θεοῖς
285 2863 347 2937 οὐκ
359 2861 565 2948 ἀπέδωκαςά
583 2870 720 2937 ἐκείνων
732 2870 877 2953 ἐγίγνετο
895 2856 993 2948 ἀγάλ-

57 2990 132 3046 ματα.
161 2966 223 3053 ,διά
248 2975 284 3038 τί
306 2957 368 3037 οὖν
393 2963 543 3050 ἀξιώσεις
569 2987 630 3036 σου
647 2965 724 3047 τούς
743 2959 896 3044 δικαστάς
914 2957 994 3033 ἀπο·
1010 2991 1045 3046 45

56 3073 261 3157 ψηφίσασθαι,
281 3057 556 3156 ἀΔικαιόγενεςς
574 3067 714 3158 πότερον
723 3062 773 3136 ὅτι
791 3060 912 3145 πολλάς
929 3073 993 3134 λει-

55 3175 192 3256 τουργίας
218 3166 488 3258 λελειτούργηκας
514 3171 556 3257 τή
580 3167 688 3255 πόλει,
715 3168 774 3236 καί
797 3162 902 3236 πολλά
917 3163 994 3258 χρή-

57 3290 125 3348 ματα
166 3268 357 3360 δαπανήσας
399 3271 599 3358 σεμνοτέραν
641 3266 702 3356 τήν
736 3265 834 3338 πόλιν
866 3264 994 3347 τούτοις

58 3365 208 3456 ἐποίησαςς
234 3367 255 3459 ή
282 3365 327 3454 ὥς
352 3371 558 3460 τριηραρχεῖν
583 3367 686 3440 πολλοὶ
705 3367 788 3440 κακά
804 3365 882 3449 τούς
899 3378 993 3439 πολε·

57 3471 136 3548 λίνος
164 3471 321 3561 είργάσω,
354 3473 409 3540 καὶ
440 3467 597 3559 είσφοράς
628 3473 767 3561 δεομένη
795 3473 837 3561 πή
860 3476 994 3554 πατρίδι
