2460 3918
67 204 89 254 p
103 187 140 240 ον.
183 186 271 256 Πρω
287 145 363 240 νον
381 187 682 242 οωοκνΗκοκοΣ
699 189 864 242 ελπτον.
961 199 1002 261 73

100 354 255 456 δροκλέους
261 377 301 433 μή
291 346 400 416 εἶναι
422 354 436 416 ἕ
436 349 593 418 πίδικον”
577 379 661 430 οντος
678 349 858 436 Ἀντιδώρου
879 361 1003 438 γνησίου

97 430 193 512 παιδὸς
212 431 399 519 Εὐκτήμονι,
420 442 453 500 οί
470 439 537 520 περὶ
557 439 776 548 Χαιρέστρατον
795 440 1003 541 ἐπεσκήψαντο

96 545 128 605 τχ
117 523 348 610 διαμαρτυρία,
364 523 415 586 καὶ
431 527 535 596 τοῦτον
556 525 606 586 καὶ
622 517 677 602 τήν
691 516 877 602 αδελφήν’
841 530 934 589 αυτοῦ
949 525 1000 591 νό-

96 613 165 702 θους
188 588 339 753 χεχονέναι
366 627 545 712 φασκοντες,
572 632 625 671 τον
652 605 740 671 δὲ’
703 631 797 711 νομον
819 608 1003 710 διαχορευειν

95 687 172 788 νόθῳ
193 694 245 753 καί
263 687 344 779 νόθχ
357 719 430 839 μήί
391 687 499 755 είναι
520 688 693 775 ἀγχιστείαν.
721 686 760 754 Ἡ
779 712 878 769 στασις
898 713 1001 774 στοχα·

95 753 178 882 σμός·
191 771 303 854 αδηλον
329 801 385 858 γαρ
402 779 430 839 ε
440 777 558 878 ἐποίησε
572 772 770 886 Φιλοκτήμων
784 778 1002 862 Χαιρέστρατον

95 861 154 918 υιον
171 858 280 947 ἑαντιμ,
304 861 355 924 καί
371 861 462 926 παλιν
483 856 639 942 αδηλον’
612 885 637 923 ει
657 858 779 943 γνήσιοί
792 864 866 924 εἰσιν
886 865 919 925 οί
935 864 1003 948 περὶ

95 925 272 1026 Ἀντίδωρον.

116 1063 181 1138 ’Ότι
206 1061 339 1160 μέν,
312 1100 338 1140 ω
356 1067 492 1161 ανδρες,
519 1068 654 1141 πάντων
676 1070 859 1142 οἰκειότατα
875 1075 1005 1163 χρῶμαι

64 1168 265 1264 Φανοστράτῳ
282 1200 318 1242 τε
336 1174 390 1242 καὶ
408 1169 639 1264 Χαιρεστράτῳ
665 1181 802 1265 τουτῳί,
829 1170 907 1253 τούς
924 1184 1004 1244 πολ·

62 1267 125 1350 λοδς
141 1270 228 1361 οἶμαι
245 1267 342 1362 ὑμῶν
370 1277 510 1361 εἰδέναι,
536 1289 605 1353 τοῖς
624 1273 661 1342 δὲ
677 1271 722 1361 μή
742 1272 867 1344 εἰδόσιν
886 1272 1003 1345 ίκανδν

64 1372 114 1459 ε’ρδ
136 1373 325 1464 τεκμήριον·
353 1371 408 1443 ὅτε
432 1371 495 1463 γὰρ
522 1381 568 1454 είς
586 1382 745 1444 Σικελίαν
772 1377 895 1458 ἐξέπλει
912 1403 1000 1465 τριη-

62 1475 174 1561 ραρχεῖν
191 1478 448 1565 Χαιρέστρατος,
477 1472 532 1543 διδ
557 1472 593 1545 τὰ
612 1473 773 1565 πρότερον
791 1471 890 1556 αὐτὸς
909 1479 1001 1545 ἐκπε-

62 1577 219 1645 τλενκέναι
246 1574 408 1666 προῄδειν
433 1573 558 1656 πάντας
583 1573 660 1656 τούς
687 1579 862 1665 ἐσομένους
888 1575 1002 1647 κινδύ-

62 1699 141 1762 νους,
167 1672 256 1764 ὅμως
284 1677 322 1746 δὲ
349 1680 516 1766 δεομένων
541 1676 669 1747 τούτων
685 1679 741 1746 καί
758 1681 1003 1760 συνεξέπλευσα

63 1774 104 1840 καί
127 1775 399 1867 συνεδυστύχησα
415 1780 471 1847 καὶ
489 1775 638 1866 ἑάλωμεν
654 1777 704 1857 είς
721 1775 799 1858 τοδς
816 1785 1000 1866 πολεμίους,

62 1867 164 1945 ἄτοπον
191 1875 233 1965 δή
262 1884 293 1947 εί
318 1881 429 1949 ἐκεῖνα
451 1879 512 1968 μὲν
530 1876 708 1970 προδήλων
725 1874 832 1948 ὅντων
848 1881 916 1948 τοῖν
933 1895 1037 1948 κινκ
1088 1915 1095 1925 ·

64 1971 200 2046 δννων”
181 2005 271 2066 ομως
299 1975 405 2048 δια
370 2006 408 2048 το
425 1982 568 2068 χρῆσθαι
585 1977 713 2058 τούτοις
739 1980 855 2048 καδί
812 2007 838 2067 φ
840 1986 931 2058 ίλους
948 2007 1002 2048 νο-

62 2073 181 2158 μήτιν’
162 2081 346 2168 υπέμενον,
373 2107 439 2148 νυν
466 2076 568 2148 δὲ’
528 2108 569 2148 ου
592 2078 762 2170 πειρώμην
780 2094 952 2148 συνειπεῖν
970 2083 1003 2162 ἐξ

63 2161 99 2242 δν
112 2171 202 2266 ὑμεῖς
219 2207 262 2249 τα
278 2207 315 2249 τε
333 2175 454 2269 εὔορκα
479 2191 662 2269 ψηφιεῖσθε
678 2180 733 2248 καὶ
750 2177 879 2262 τούτοις
896 2177 936 2248 τδι
954 2185 1004 2248 δί-

62 2300 122 2344 καια
149 2278 332 2368 γενήσεται.
387 2283 501 2370 δέομαι
531 2307 595 2350 ουν
620 2275 716 2368 ὑμων
742 2277 942 2404 συχχνωμχν
967 2309 1004 2350 τε

63 2378 201 2462 ἔχεινκαὶ
219 2377 292 2470 μετ’
321 2377 453 2461 εὐνοίας
470 2377 713 2470 ακροοισασθαι·
737 2375 835 2471 ὁγὰρ
854 2409 945 2469 αγων
962 2378 1005 2452 οὐ

62 2475 156 2567 μικρὸς
173 2477 306 2570 αὐτοῖς,
325 2478 408 2551 ἆλλοὶ
425 2483 501 2570 περὶ
519 2485 586 2551 τοῖν
603 2489 776 2570 μεγίστων.

122 2579 337 2670 Φιλοκτήμων
361 2580 424 2672 γὰρ
450 2577 468 2652 ὁ
494 2579 678 2671 Κηφισιεδς
704 2590 801 2671 φίλος
826 2572 868 2669 ήν
885 2593 1038 2672 Χαιρε-3

63 2676 170 2803 στρίτρι
195 2690 333 2775 τουτωί·
362 2679 441 2763 δοδς
468 2683 506 2753 δὲ
530 2681 571 2753 τὰ
597 2685 719 2754 ἑαυτοῦ
734 2685 790 2753 καί
806 2680 883 2752 υίδν
900 2679 1003 2752 αὐτὸν

62 2778 261 2870 ποιησάμενος
280 2751 477 2905 ’ἐτελεύτησε
505 2782 661 2874 λαχόντος
677 2784 785 2854 δὲτου
774 2780 1002 2871 Χαιρεστρά-

62 2902 107 2944 του
122 2908 201 2952 κατα
216 2879 276 2954 τδν
292 2883 396 2973 νόμον
413 2913 472 2955 του
460 2884 631 2974 κλήρου,
660 2882 731 2967 ίξδν
757 2880 1003 3005 αμφισβητήσαι

60 2968 230 3102 Ἀθημαίων
254 2987 303 3077 τῷ
328 2988 520 3078 βουλομένῳ
546 2987 601 3056 καί
620 2981 800 3073 εὖθυδιιιία
818 2980 1003 3053 εἰσελθόντι

63 3075 137 3156 δίς
117 3087 278 3174 υμᾶς,εί
302 3093 453 3174 φαίνοιτο
472 3085 658 3176 δικαιότερα
683 3087 806 3171 λέγων,
834 3090 920 3170 ἒχειν
946 3081 1004 3153 τδν

62 3183 184 3273 κλῆρον,
213 3184 475 3277 διεμαρτύρησεν
489 3183 687 3275 Ἀνδροκλῆς
706 3177 821 3253 ουτοσδ
838 3191 957 3272 μηί
871 3181 940 3305 ἐμ
942 3189 1003 3252 ίδι·
1019 3201 1038 3250 4

63 3303 110 3349 κον
127 3281 259 3356 εἶναι
224 3314 284 3358 τον
305 3290 446 3376 κλήρου,
471 3281 662 3375 ἆποστερων
684 3312 802 3356 τουτον
824 3287 882 3370 τῆς
904 3280 1003 3371 ἄμφι-

63 3377 233 3471 ῦβητήσεως
243 3389 299 3458 καὶ
311 3383 397 3476 ὑμᾶς
414 3389 476 3456 τοιῖ
492 3395 628 3476 κυρίους
645 3389 804 3473 γενέσθαι
820 3381 934 3454 ὅντινα
952 3388 1006 3451 δεῖ

63 3485 248 3576 κληρονόμον
274 3485 543 3577 καταστήσασθαι
568 3489 636 3556 τοῖν
663 3484 920 3574 Φιλοκτήμονος·
946 3482 1001 3550 καὶ
