2460 3918
220 239 281 318 103
632 230 759 282 ιεειοε
1073 228 1127 280 οε.
1147 227 1171 279 ε.

219 408 276 477 καὶ
292 408 339 498 τῷ
355 398 664 476 σννειδίναιταῦτα
681 400 821 482 πολλοῦς
838 398 1030 490 οὐδαμόθεν
1052 397 1173 490 ἠμφισ-

219 503 350 594 βηιήθη
373 509 523 576 τοιοῦτον
538 501 648 575 οὐδέν.
677 504 744 574 Καὶ
760 498 861 573 ταῦθ’
886 497 931 583 ῦς
947 498 1060 590 ἀληθῆ
1076 503 1173 590 λέγω,
1216 543 1217 556 1

219 606 311 677 κάλει
328 603 455 676 τούτων
471 603 548 686 τοῦς
565 602 740 695 μάρτυρας.

594 769 800 819 ΜΑΡΤΤΡΕΣ.

167 927 200 980 21
284 906 354 980 Ἔτι
364 915 496 996 τοίνυν,
515 898 689 998 ἀῦνδρες,
707 909 762 977 καὶ
781 898 874 990 ἰξῦυ
890 903 1063 995 ὁΔιοκλῆς
1077 913 1176 996 ἔπρα-

219 1014 276 1094 ξεν
298 1007 354 1080 ὅτε
375 1003 470 1098 ἡμῶν
492 1003 510 1078 ὁ
533 1007 664 1089 πάκπος
687 1005 891 1096 ἰτελεύτησε,
915 1011 1041 1096 γνῦναι
1059 1006 1178 1100 ῥᾴδιον
1218 1059 1219 1064 1

212 1107 269 1186 ,ὅτι
287 1104 546 1198 ὁμολογούμεθα
570 1107 655 1179 εἰναι
676 1114 877 1198 θυγατριδοί
890 1115 1051 1198 Κίρωνος.
1097 1097 1177 1196 ἧκον

220 1207 284 1301 γάρ
303 1207 366 1298 ἐγω
385 1207 600 1300 κομιούμενος
619 1205 721 1280 αῦτὸν
739 1203 783 1288 ῦς
801 1207 923 1292 θάψων
940 1213 977 1278 ἐκ
993 1211 1052 1297 τῆς
1069 1215 1176 1290 οἰκίας

220 1314 278 1400 τῆς
301 1314 460 1400 ἐμαυτοῦ,
483 1314 550 1380 νῦν
574 1312 718 1399 ἐμαυτοῦ
733 1317 866 1380 οἰκείων
882 1305 956 1379 τινά
974 1315 1076 1399 ἔχων,
1106 1305 1177 1379 ἀνε-

221 1408 299 1494 ψιὸν
314 1411 375 1480 τοῦ
391 1408 526 1502 πατρός·
551 1412 607 1480 καὶ
623 1413 766 1480 Διοκλέα
788 1411 849 1498 μὲν
865 1406 905 1480 ού
923 1412 1110 1497 κατέλαβον
1129 1416 1177 1479 ἔν·

222 1517 298 1600 δον,
324 1509 484 1581 εἰσελθών
507 1512 545 1581 δὲ
568 1521 646 1580 εἰσω
668 1517 812 1600 κομίζειν
828 1505 896 1592 οἷος
913 1500 972 1600 ἦν,
998 1517 1084 1599 ἔχων
1103 1508 1178 1591 τοῦς
1220 1529 1221 1534 ’

169 1634 203 1684 22
220 1620 379 1691 οἰσουτας.
421 1614 576 1701 δεομένης
600 1612 638 1680 δὲ
653 1614 711 1699 τῆς
733 1615 794 1681 τοῦ
810 1608 945 1681 πάππου
963 1608 1127 1698 γυναικὸς
1145 1615 1177 1681 ἐκ

219 1715 278 1800 τῆς
295 1718 400 1793 οἰκίας
418 1709 520 1782 αῦτόν
543 1715 670 1800 ἐκείνης
686 1709 843 1800 θάπτειν,
867 1714 923 1781 καὶ
942 1709 1105 1799 λεγούσης
1129 1709 1176 1781 ὅτι

220 1806 366 1900 βούλοιτ’
389 1806 432 1881 ἀν
456 1809 539 1900 αύτή
556 1809 592 1882 τῦ
610 1814 704 1901 στῦμα
725 1809 768 1906 τὸΥ
781 1815 909 1882 ἐκείνου
926 1819 1175 1902 σνμμεταχειρί-

221 1921 335 1998 ζεσθαι
358 1909 437 2002 μεθ’
460 1909 555 2002 ἡμῶν
576 1915 632 1982 καί
656 1916 833 2001 κοσμῆσαι,
857 1915 1034 1982 καὶταῦτα
1052 1917 1175 1982 ἰκετευ·
1222 1948 1223 2036 ρ

220 2012 322 2100 ον’σης
340 2015 395 2083 καὶ
413 2011 606 2101 κλαιούσης,
632 2016 809 2102 ἐπείσθην,
834 2003 861 2082 ἀ
878 2011 1008 2104 ἀνδρες,
1027 2015 1085 2084 καί
1104 2011 1175 2082 τού·
1222 2039 1223 2046 “

219 2142 265 2206 τρι
288 2111 484 2204 προσελθων
505 2112 682 2204 μαρτύρων
706 2117 855 2184 ἐναντίον
880 2113 973 2183 εἰπον
995 2109 1047 2183 ὅτι
1066 2116 1175 2183 ἐντεῦ-

220 2225 284 2283 θεν
301 2211 476 2303 ποιήσομαι
493 2211 555 2302 τὴν
571 2211 695 2302 ταφήν·
722 2215 902 2302 δεδεημένη
919 2211 983 2304 γάρ
1002 2225 1055 2302 εἰη
1071 2215 1176 2283 ταῦτα

87 2382 90 2388 ,
169 2335 203 2388 23
219 2329 328 2382 ποιεῖν
349 2308 370 2401 ἡ
394 2312 514 2383 τούτου
537 2309 675 2402 ἀδελφή.
716 2315 898 2384 καὶταῦτα
914 2317 1060 2402 Διοκλῆς
1078 2310 1175 2384 ἀκού-

220 2434 280 2492 σας
302 2408 404 2483 ούδεν
427 2410 597 2502 ἀντείπω,
621 2410 703 2482 ἀλλά
725 2415 780 2482 καὶ
806 2417 976 2502 ἐωνησθαί
995 2443 1026 2484 τι
1043 2417 1113 2484 τοῖν
1131 2421 1176 2494 εἰς

220 2509 281 2599 τὴν
302 2510 427 2600 ταφήν,
450 2517 519 2582 νῦν
542 2515 579 2582 δὲ
600 2510 778 2604 ἀρραβῶνα
796 2517 976 2585 δεδωκέναι
1000 2505 1097 2595 οὗτος
1116 2514 1175 2603 φά-

221 2632 310 2681 σκων
327 2614 430 2681 ταῦτα
446 2609 540 2699 ἠξίου
557 2610 635 2703 παρ’
655 2617 736 2702 ἐμοῦ
751 2621 883 2703 λαβεῖν,
902 2617 957 2685 καὶ
976 2612 1175 2704 διωμολογη-

220 2732 299 2782 σατο
326 2715 394 2782 νῦν
422 2713 483 2800 μὲν
505 2709 739 2803 ἠγορασμένον
773 2711 871 2804 τιμὴν
900 2712 1100 2804 ἀπολαβεῖν,
1130 2703 1175 2783 νῦν

222 2813 259 2882 δὲ
280 2809 459 2903 ἀρραβῶνα
483 2818 606 2902 ἔφασκε
631 2816 826 2903 δεδωκέναι,
846 2816 1007 2902 συστῆσαι
1022 2813 1105 2895 τοῦς
1122 2825 1176 2883 λα-

221 2909 348 2998 βόντας.
397 2909 501 2992 εῦθύς
530 2902 593 2982 οῦν
616 2916 712 2984 τοῦτο
736 2917 1004 3006 παρεφθέγγετο,
1031 2911 1077 2997 ῦς
1100 2910 1174 2986 οὐδ’

220 3007 334 3082 ὁτιοῦν
352 3023 403 3100 εἰη
419 3020 535 3104 Κίρων
552 3013 810 3103 καταλελοιπώς,
832 3012 957 3086 ούδένα
974 3015 1075 3105 λόγον
1099 3017 1177 3105 ἐμοῦ

170 3124 204 3174 24
221 3138 272 3181 πω
297 3116 496 3201 ποιουμένου
520 3116 595 3204 περὶ
617 3119 685 3184 των
704 3118 831 3184 ἐκείνου
848 3115 1032 3206 χρημάτων.
1072 3123 1176 3186 καίτοι

223 3218 252 3280 εἰ
268 3209 312 3299 μὴ
329 3202 372 3299 ἦν
382 3209 607 3303 θυγατριδοῦς
624 3222 790 3305 Κίρωνος,
810 3211 871 3285 οῦκ
888 3211 931 3286 ἀν
940 3220 1047 3286 ταῦτα
1060 3222 1175 3304 διωμο-

222 3320 364 3399 λογεῖτο,
386 3308 457 3380 ἀλλ’
484 3317 629 3393 ἐκείνους
652 3308 694 3383 ἀν
710 3312 787 3395 τοῦς
804 3313 921 3402 λόγους
940 3323 1033 3405 ἰλεγε
1051 3315 1118 3406 ,,σῦ
1139 3314 1175 3384 δὲ

224 3418 297 3498 ,,τίς
321 3411 351 3480 εἰ
357 3443 366 3494 3
389 3414 441 3480 σοί
466 3411 503 3481 δὲ
525 3420 560 3481 τί
580 3411 736 3503 προσήκει
758 3412 916 3500 θάττειν;
939 3414 980 3487 ού
1003 3414 1175 3504 γιγνώσκω

224 3527 303 3598 ,,σε’
320 3505 362 3579 οῦ
379 3508 423 3599 μὴ
442 3521 522 3580 εἰσει
541 3519 587 3592 εἰς
598 3510 659 3600 τὴν
671 3509 806 3583 οἰκίαν.”
841 3512 936 3584 ταῦτ’
958 3524 1067 3588 εἰπεῖν
1079 3534 1176 3608 προσ-
