2460 3918
211 289 272 352 116
621 282 751 335 τΣιτοτ
1069 285 1154 338 οτι.

282 451 441 544 Ἀδελφῦς
463 482 519 543 μοι
539 443 583 541 ήν
605 449 819 546 ὁμομήτριος,
843 443 872 523 ιῦ
894 450 1031 544 ἀνδρες,
1053 451 1155 526 Ἀστῦ-

154 591 158 600 ‘
210 566 323 648 φιλος,
342 545 385 625 οῦ
403 559 492 625 ἐστιν
508 550 527 625 ὁ
545 556 677 644 κλήρος·
697 551 912 644 ἀποδημήσας
929 545 992 626 οῦν
1002 553 1082 644 μετὰ
1097 561 1156 628 τῦν

211 665 259 738 εἰς
277 654 477 744 Μυτιλήνην
499 657 709 744 στρατιωτῶν
732 654 930 744 ἐτελεύτησε.
971 653 1156 746 πειρήσομαι

211 755 244 829 δ’
263 753 346 847 ῦμῑν
364 758 523 838 ἐπιδεῖξαι
539 751 621 845 ὅπερ
634 750 824 846 ἀντωμοσα,
844 751 888 837 ως
904 753 982 826 οῦτε
993 754 1157 845 ἐποιήσατο

210 863 335 938 ἐκεῖνος
351 855 428 927 αλδν
440 858 564 949 ἑαυτῷ,
583 851 657 925 οῦτ’
677 861 781 926 ἔδωκε
798 854 838 926 τά
851 859 989 946 ἑαυτοῦ,
1006 854 1084 926 οὔτε
1095 863 1156 927 δια-

209 958 317 1047 θήκας
335 960 526 1045 κατέλιπεν,
544 953 622 1025 οῦτε
639 955 797 1046 προσήκει
814 964 903 1047 ἐχειν
913 955 954 1027 τά
967 953 1156 1047 Ἀσταφίλον

175 1055 324 1130 2οῦδενὶ
342 1055 430 1150 ἄλλῳ
447 1051 469 1145 ή
488 1059 567 1145 ἐμοί.
604 1064 672 1126 ἐστι
689 1054 752 1146 γὰρ
768 1061 887 1128 Κλέων
902 1053 1017 1128 οῦτοσὶ
1034 1055 1157 1142 ἀνενιδς
1207 1103 1210 1108 -

207 1157 393 1251 Ἀστυφίλω
411 1155 493 1247 πρὸς
510 1155 649 1248 πατρός,
667 1153 685 1227 ὁ
705 1160 745 1227 δέ
758 1156 832 1239 υίός
849 1154 866 1228 ὁ
884 1157 1021 1246 τοῦτον,
1044 1154 1084 1230 ῦν
1101 1166 1157 1228 εἰσ·

209 1277 300 1330 ποιεῖ
321 1263 452 1351 ἐκείνω,
476 1254 687 1340 ἀνεψιαδοῦς.
734 1265 916 1347 εἰσποίητος
942 1255 974 1328 δ’
998 1249 1043 1348 ἦν
1065 1256 1083 1330 ὁ
1104 1287 1156 1329 πα·

209 1359 270 1452 τήρ
287 1357 305 1430 ὁ
323 1361 551 1439 Κλέωνοςιελς-
565 1355 666 1428 ἀλλον
688 1358 797 1448 οἶκον,
821 1361 877 1430 καὶ
899 1349 992 1430 οῦτοι
1010 1367 1059 1430 ἐτι
1083 1364 1157 1430 εἰσὶν

211 1465 248 1531 έν
271 1465 385 1553 ἐκείνῳ
408 1463 456 1552 τῷ
479 1469 576 1552 οἴκῳ,
602 1456 798 1546 ῦστεηένει
820 1461 882 1549 μὲν
906 1458 961 1530 διά
983 1458 1044 1531 τὸν
1065 1459 1156 1550 νόμον

208 1558 310 1631 οῦδὲν
320 1559 544 1650 προσήκουσιν
557 1555 751 1653 Ἀστυφίλμ
782 1559 897 1649 ἐπειδή
915 1562 953 1630 δέ
963 1559 1049 1630 κατὰ
1063 1564 1157 1631 ταῦτα

209 1658 272 1731 οῦκ
288 1651 331 1749 ήν
348 1657 606 1749 ἀμφισβήτησις,
626 1659 805 1749 διαθήκας,
825 1651 852 1730 τῦ
869 1659 1004 1751 ἀνδρες,
1031 1668 1155 1744 ψευδεῖς

209 1757 268 1851 (ὥς
287 1759 351 1850 ἐγω
368 1760 458 1849 οἶμαι
471 1759 661 1849 ἐπιδείξειν)
679 1759 925 1832 κατεσκεύασαν
942 1764 1154 1850 καδ’ζητοῦσιν

173 1859 431 1953 3ἀποστερήσαί
444 1889 485 1950 με
501 1864 568 1930 των
585 1864 647 1931 τοῦ
663 1857 821 1950 ἀδελφοῦ.
857 1865 912 1932 καὶ
931 1860 1019 1932 οῦτω
1037 1862 1154 1952 σφόδρα
1209 1871 1210 1953 ή

207 1964 326 2034 Κλέων
342 1957 456 2032 οῦτοσδ
469 1959 697 2052 καὶπρότερον
708 1965 763 2031 καὶ
774 1967 840 2033 νῦν
856 1959 980 2033 οῦδένα
990 1961 1092 2034 ἀλλον
1106 1960 1153 2032 τὸν
1208 1995 1209 2084 ρ

208 2066 332 2153 κλῆρον
352 2059 480 2152 ἡγεῖται
503 2065 588 2146 ἕξειν
611 2057 769 2151 ήαῦτόν,
795 2059 874 2133 ὥστ’
900 2061 1015 2152 ἐπειδή
1033 2063 1153 2154 τάχιστα
1207 2125 1208 2128 ,

207 2161 356 2252 ἠγγέλθη
375 2160 568 2252 Ἀστύφιλος
591 2163 848 2252 τετελευτηκώς,
877 2167 938 2233 τοῦ
958 2165 1022 2253 μὲν
1045 2161 1152 2252 πατρὸς
1207 2137 1208 2216 δ

207 2267 269 2334 τοῦ
292 2267 372 2353 ἐμοῦ
399 2261 639 2352 ἀσθενοῦντος,
672 2267 754 2352 ἐμοῦ
782 2265 819 2333 δέ
841 2261 903 2334 οῦκ
927 2269 1150 2354 ἐπιδημοῦντος
1206 2253 1207 2346 l

208 2360 291 2432 ἀλλά
308 2366 587 2454 στρατευομένου,
613 2371 659 2444 εἰς
675 2361 712 2433 τδ
731 2371 853 2454 χωρίον
871 2363 1084 2456 ἐνεβάτενσε,
1105 2366 1149 2434 καὶ

209 2474 243 2532 ελ
257 2493 288 2533 τι
305 2461 384 2533 ἀλλο
404 2468 528 2545 ἐκεῖνος
551 2467 742 2553 κατέλιπεν,
765 2462 895 2536 ἅπαντα
917 2473 982 2557 ἔφη
1004 2471 1067 2537 τοῦ
1086 2465 1153 2535 υἱοῦ
1193 2536 1198 2546 ‚

173 2567 269 2633 ιτοῦ
291 2566 414 2633 ἑαυτοῦ
436 2563 538 2653 εἶναι,
562 2573 643 2655 πρίν
666 2594 698 2634 τι
719 2561 806 2654 ῦμοῖς
829 2574 1051 2656 ψηφίσασθαι.
1093 2566 1151 2635 ἐπεὶ

209 2661 242 2734 δ’
270 2668 429 2754 ἐνομίσθη
452 2661 492 2733 τά
512 2661 593 2734 ὀστῦ
615 2669 676 2735 τοῦ
695 2661 861 2757 ἀδελφοῦ,
884 2663 903 2738 ῦ
926 2668 988 2756 μὲν
1009 2688 1151 2758 προσποι-

206 2764 347 2854 ούμενος
365 2763 466 2835 πάλατ
480 2762 554 2845 υλδς
572 2769 827 2854 εἰσπεποιήσθαι
842 2764 884 2838 οῦ
902 2765 1069 2857 προῦθετο
1085 2759 1150 2838 οὐδ’

208 2873 353 2954 ἔθαψεν,
378 2865 383 2954 Ι
405 2870 441 2935 ολ
463 2866 500 2936 δέ
516 2873 609 2955 φίλοι
623 2862 822 2956 Ἀστυφίλου
840 2869 897 2938 καὶ
914 2873 949 2939 ολ
963 2867 1151 2958 συστρατιω-

206 2994 276 3054 ται,
294 2962 437 3056 ὁρῦντες
453 2964 512 3037 τδν
528 2967 653 3057 πατέρα
669 2964 728 3037 τδν
747 2965 827 3056 ἐμδν
844 2964 1087 3059 ἀρρωστοῦντα,
1105 2966 1151 3055 ἐμὲ

209 3066 246 3135 δέ
264 3062 326 3135 οῦκ
344 3070 583 3157 ἐπιδημοῦντα,
603 3063 697 3137 αὐτοὶ
715 3069 771 3136 καὶ
789 3067 979 3157 προῦθεντο
990 3071 1044 3139 καὶ
1060 3058 1151 3139 τᾶλλα

207 3165 315 3236 πάντα
336 3164 377 3236 τά
399 3166 593 3259 νομιζόμενα
617 3171 775 3255 ἐποίησαν
793 3171 848 3238 καὶ
865 3166 925 3240 τῦν
943 3167 1021 3259 ἐμόν
1038 3169 1150 3252 πατέρα

207 3263 416 3338 ἀσθενοῦντα
451 3271 504 3337 ἐπὶ
537 3265 575 3338 τδ
602 3271 713 3357 μνήμα
741 3266 866 3358 ἤγανον
896 3259 936 3339 εῦ
964 3268 1084 3350 ειδότες
1109 3264 1150 3336 ὅτι

206 3363 380 3452 ἀσπάζοιτο
393 3364 495 3439 αῦτδν
509 3365 712 3458 Ἀστύφιλος.
741 3369 861 3440 τοῦτον
881 3367 913 3440 δ’
931 3367 1012 3460 ῦμῑν
1041 3363 1150 3444 αῦτοῦς

206 3465 283 3547 τοῦς
312 3471 517 3556 ἐπιτηδείους
539 3471 617 3549 τοῦς
641 3473 770 3540 ἐκείνου
792 3469 962 3562 μάρτυρας
985 3473 1149 3560 παρέξομαι

205 3593 273 3636 των
290 3566 472 3657 παρόντων.
