<?xml version="1.0" encoding="UTF-8"?>
<!DOCTYPE html PUBLIC "-//W3C//DTD XHTML 1.0 Transitional//EN"
    "http://www.w3.org/TR/xhtml1/DTD/xhtml1-transitional.dtd">
<html xmlns="http://www.w3.org/1999/xhtml" xml:lang="en" lang="en">
 <head>
  <title>
</title>
<meta http-equiv="Content-Type" content="text/html;charset=utf-8" />
  <meta name='ocr-system' content='tesseract 3.04.00' />
  <meta name='ocr-capabilities' content='ocr_page ocr_carea ocr_par ocr_line ocrx_word'/>
</head>
<body>
  <div class='ocr_page' id='page_1' title='image "./isaeiorationesc02isaegoog_0138.png"; bbox 0 0 2460 3918; ppageno 0'>
   <div class='ocr_carea' id='block_1_1' title="bbox 55 277 1004 349">
    <p class='ocr_par' dir='ltr' id='par_1_1' title="bbox 55 277 1004 349">
     <span class='ocr_line' id='line_1_1' title="bbox 55 277 1004 349; baseline 0.001 -18"><span class='ocrx_word' id='word_1_1' title='bbox 55 297 77 347; x_wconf 76' lang='lat' dir='ltr'><strong><em>p.</em></strong></span> <span class='ocrx_word' id='word_1_2' title='bbox 95 279 133 331; x_wconf 88' lang='lat'><strong><em>00.</em></strong></span> <span class='ocrx_word' id='word_1_3' title='bbox 184 279 369 332; x_wconf 75' lang='lat'>11661606</span> <span class='ocrx_word' id='word_1_4' title='bbox 386 277 687 330; x_wconf 70' lang='lat'>0160601660602</span> <span class='ocrx_word' id='word_1_5' title='bbox 703 279 866 332; x_wconf 58' lang='grc' dir='ltr'><strong><em>ποσιτιον.</em></strong></span> <span class='ocrx_word' id='word_1_6' title='bbox 964 283 1004 349; x_wconf 79' lang='grc' dir='ltr'><strong><em>ςς</em></strong></span> 
     </span>
    </p>
   </div>
   <div class='ocr_carea' id='block_1_2' title="bbox 55 444 1056 1541">
    <p class='ocr_par' dir='ltr' id='par_1_2' title="bbox 55 444 1056 1541">
     <span class='ocr_line' id='line_1_2' title="bbox 55 444 1005 572; baseline 0.001 -52"><span class='ocrx_word' id='word_1_7' title='bbox 55 444 201 529; x_wconf 79' lang='grc' dir='ltr'><strong><em>οἰκίας</em></strong></span> <span class='ocrx_word' id='word_1_8' title='bbox 178 473 309 518; x_wconf 92' lang='grc' dir='ltr'><strong><em>απαντα</em></strong></span> <span class='ocrx_word' id='word_1_9' title='bbox 336 444 629 570; x_wconf 63' lang='grc' dir='ltr'><strong><em>έκπεφορημέυα’</em></strong></span> <span class='ocrx_word' id='word_1_10' title='bbox 609 446 675 519; x_wconf 83' lang='grc' dir='ltr'><strong><em>υπὸ</em></strong></span> <span class='ocrx_word' id='word_1_11' title='bbox 701 449 837 520; x_wconf 81' lang='grc' dir='ltr'><strong><em>τούτων.</em></strong></span> <span class='ocrx_word' id='word_1_12' title='bbox 883 455 920 520; x_wconf 84' lang='grc' dir='ltr'><strong><em>αἰ</em></strong></span> <span class='ocrx_word' id='word_1_13' title='bbox 942 451 1005 572; x_wconf 77' lang='grc' dir='ltr'><strong><em>μέν</em></strong></span> 
     </span>
     <span class='ocr_line' id='line_1_3' title="bbox 55 540 1005 674; baseline 0 -54"><span class='ocrx_word' id='word_1_14' title='bbox 55 540 109 620; x_wconf 84' lang='grc' dir='ltr'><strong><em>οὐν</em></strong></span> <span class='ocrx_word' id='word_1_15' title='bbox 131 563 345 670; x_wconf 78' lang='grc' dir='ltr'><strong><em>μυναίκες,ο</em></strong></span> <span class='ocrx_word' id='word_1_16' title='bbox 328 545 400 619; x_wconf 79' lang='grc' dir='ltr'><strong><em>οἷον</em></strong></span> <span class='ocrx_word' id='word_1_17' title='bbox 427 547 529 638; x_wconf 89' lang='grc' dir='ltr'><strong><em>εἰκός,</em></strong></span> <span class='ocrx_word' id='word_1_18' title='bbox 557 553 633 674; x_wconf 80' lang='grc' dir='ltr'><strong><em>περὶ</em></strong></span> <span class='ocrx_word' id='word_1_19' title='bbox 663 545 722 620; x_wconf 87' lang='grc' dir='ltr'><strong><em>τόν</em></strong></span> <span class='ocrx_word' id='word_1_20' title='bbox 752 549 1005 638; x_wconf 77' lang='grc' dir='ltr'><strong><em>τετελευτηκότα</em></strong></span> 
     </span>
     <span class='ocr_line' id='line_1_4' title="bbox 55 638 1004 742; baseline 0.002 -24"><span class='ocrx_word' id='word_1_21' title='bbox 55 641 145 737; x_wconf 73' lang='grc' dir='ltr'><strong><em>ἦσαν</em></strong></span> <span class='ocrx_word' id='word_1_22' title='bbox 172 638 267 720; x_wconf 76' lang='grc' dir='ltr'><strong><em>οὗτοι</em></strong></span> <span class='ocrx_word' id='word_1_23' title='bbox 294 651 331 719; x_wconf 69' lang='grc' dir='ltr'><strong><em>δὲ</em></strong></span> <span class='ocrx_word' id='word_1_24' title='bbox 356 665 424 730; x_wconf 77' lang='grc' dir='ltr'><strong><em>τοῖς</em></strong></span> <span class='ocrx_word' id='word_1_25' title='bbox 450 646 694 738; x_wconf 73' lang='grc' dir='ltr'><strong><em>ἀκολουθήσασι</em></strong></span> <span class='ocrx_word' id='word_1_26' title='bbox 720 652 916 742; x_wconf 75' lang='grc' dir='ltr'><strong><em>παραχρῆμα</em></strong></span> <span class='ocrx_word' id='word_1_27' title='bbox 934 655 1004 720; x_wconf 85' lang='grc' dir='ltr'><strong><em>ἐπε-</em></strong></span> 
     </span>
     <span class='ocr_line' id='line_1_5' title="bbox 58 746 1005 841; baseline 0.001 -22"><span class='ocrx_word' id='word_1_28' title='bbox 58 756 228 822; x_wconf 84' lang='grc' dir='ltr'><strong><em>δείκνυσαν</em></strong></span> <span class='ocrx_word' id='word_1_29' title='bbox 254 746 294 819; x_wconf 87' lang='grc' dir='ltr'><strong><em>τά</em></strong></span> <span class='ocrx_word' id='word_1_30' title='bbox 320 746 460 821; x_wconf 81' lang='grc' dir='ltr'><strong><em>ἔνδον</em></strong></span> <span class='ocrx_word' id='word_1_31' title='bbox 436 778 480 830; x_wconf 82' lang='grc' dir='ltr'><strong><em>ως</em></strong></span> <span class='ocrx_word' id='word_1_32' title='bbox 498 749 580 840; x_wconf 77' lang='grc' dir='ltr'><strong><em>εἶχε,</em></strong></span> <span class='ocrx_word' id='word_1_33' title='bbox 607 753 662 820; x_wconf 89' lang='grc' dir='ltr'><strong><em>καί</em></strong></span> <span class='ocrx_word' id='word_1_34' title='bbox 679 748 756 831; x_wconf 85' lang='grc' dir='ltr'><strong><em>τούς</em></strong></span> <span class='ocrx_word' id='word_1_35' title='bbox 774 754 900 831; x_wconf 78' lang='grc' dir='ltr'><strong><em>οἰκέτας</em></strong></span> <span class='ocrx_word' id='word_1_36' title='bbox 918 777 1005 841; x_wconf 88' lang='grc' dir='ltr'><strong><em>πρω-</em></strong></span> 
     </span>
     <span class='ocr_line' id='line_1_6' title="bbox 55 845 1006 941; baseline 0.001 -22"><span class='ocrx_word' id='word_1_37' title='bbox 55 878 104 920; x_wconf 89' lang='grc' dir='ltr'><strong><em>τον</em></strong></span> <span class='ocrx_word' id='word_1_38' title='bbox 119 845 260 941; x_wconf 85' lang='grc' dir='ltr'><strong><em>ήριότων</em></strong></span> <span class='ocrx_word' id='word_1_39' title='bbox 279 853 429 922; x_wconf 74' lang='grc' dir='ltr'><strong><em>ἐναντίον</em></strong></span> <span class='ocrx_word' id='word_1_40' title='bbox 446 879 573 920; x_wconf 84' lang='grc' dir='ltr'><strong><em>τουτων</em></strong></span> <span class='ocrx_word' id='word_1_41' title='bbox 589 847 664 921; x_wconf 89' lang='grc' dir='ltr'><strong><em>όποι</em></strong></span> <span class='ocrx_word' id='word_1_42' title='bbox 676 855 879 941; x_wconf 76' lang='grc' dir='ltr'><strong><em>τετραμμένα</em></strong></span> <span class='ocrx_word' id='word_1_43' title='bbox 898 861 949 939; x_wconf 85' lang='grc' dir='ltr'><strong><em>εἰη</em></strong></span> <span class='ocrx_word' id='word_1_44' title='bbox 965 848 1006 920; x_wconf 82' lang='grc' dir='ltr'><strong><em>τὰ</em></strong></span> 
     </span>
     <span class='ocr_line' id='line_1_7' title="bbox 55 943 1056 1042; baseline -0.001 -24"><span class='ocrx_word' id='word_1_45' title='bbox 55 948 201 1040; x_wconf 77' lang='grc' dir='ltr'><strong><em>χρήματα.</em></strong></span> <span class='ocrx_word' id='word_1_46' title='bbox 246 948 410 1039; x_wconf 77' lang='grc' dir='ltr'><strong><em>λεγόντων</em></strong></span> <span class='ocrx_word' id='word_1_47' title='bbox 429 953 466 1021; x_wconf 71' lang='grc' dir='ltr'><strong><em>δὲ</em></strong></span> <span class='ocrx_word' id='word_1_48' title='bbox 484 949 660 1023; x_wconf 82' lang='grc' dir='ltr'><strong><em>έκείνων”</em></strong></span> <span class='ocrx_word' id='word_1_49' title='bbox 642 981 691 1022; x_wconf 90' lang='grc' dir='ltr'><strong><em>οτι</em></strong></span> <span class='ocrx_word' id='word_1_50' title='bbox 708 943 800 1023; x_wconf 78' lang='grc' dir='ltr'><strong><em>οὗτοι</em></strong></span> <span class='ocrx_word' id='word_1_51' title='bbox 819 950 1005 1042; x_wconf 83' lang='grc' dir='ltr'><strong><em>έξενηνοχό-</em></strong></span> <span class='ocrx_word' id='word_1_52' title='bbox 1022 968 1056 1018; x_wconf 74' lang='grc'><strong><em>42</em></strong></span> 
     </span>
     <span class='ocr_line' id='line_1_8' title="bbox 56 1049 1005 1176; baseline 0.003 -58"><span class='ocrx_word' id='word_1_53' title='bbox 56 1077 100 1130; x_wconf 85' lang='grc' dir='ltr'><strong><em>τες</em></strong></span> <span class='ocrx_word' id='word_1_54' title='bbox 126 1049 245 1121; x_wconf 88' lang='grc' dir='ltr'><strong><em>εἰενί</em></strong></span> <span class='ocrx_word' id='word_1_55' title='bbox 212 1078 229 1119; x_wconf 85' lang='grc' dir='ltr'><strong><em>ε</em></strong></span> <span class='ocrx_word' id='word_1_56' title='bbox 231 1057 262 1132; x_wconf 90' lang='grc' dir='ltr'><strong><em>ἰς</em></strong></span> <span class='ocrx_word' id='word_1_57' title='bbox 278 1049 340 1140; x_wconf 81' lang='grc' dir='ltr'><strong><em>τήν</em></strong></span> <span class='ocrx_word' id='word_1_58' title='bbox 355 1060 496 1170; x_wconf 80' lang='grc' dir='ltr'><strong><em>πλησίον</em></strong></span> <span class='ocrx_word' id='word_1_59' title='bbox 522 1059 647 1142; x_wconf 87' lang='grc' dir='ltr'><strong><em>οἰκίαν,</em></strong></span> <span class='ocrx_word' id='word_1_60' title='bbox 675 1055 729 1122; x_wconf 88' lang='grc' dir='ltr'><strong><em>καί</em></strong></span> <span class='ocrx_word' id='word_1_61' title='bbox 746 1049 928 1176; x_wconf 76' lang='grc' dir='ltr'><strong><em>ἀξιούντων</em></strong></span> <span class='ocrx_word' id='word_1_62' title='bbox 945 1079 1005 1122; x_wconf 91' lang='grc' dir='ltr'><strong><em>πα-</em></strong></span> 
     </span>
     <span class='ocr_line' id='line_1_9' title="bbox 57 1150 1006 1245; baseline 0.005 -26"><span class='ocrx_word' id='word_1_63' title='bbox 57 1153 196 1242; x_wconf 81' lang='grc' dir='ltr'><strong><em>ραχρῆμα</em></strong></span> <span class='ocrx_word' id='word_1_64' title='bbox 213 1153 323 1222; x_wconf 68' lang='grc' dir='ltr'><strong><em>τῶνδε</em></strong></span> <span class='ocrx_word' id='word_1_65' title='bbox 339 1155 457 1245; x_wconf 81' lang='grc' dir='ltr'><strong><em>φωρηῖν</em></strong></span> <span class='ocrx_word' id='word_1_66' title='bbox 482 1150 564 1222; x_wconf 87' lang='grc' dir='ltr'><strong><em>κατά</em></strong></span> <span class='ocrx_word' id='word_1_67' title='bbox 581 1150 639 1222; x_wconf 87' lang='grc' dir='ltr'><strong><em>τόν</em></strong></span> <span class='ocrx_word' id='word_1_68' title='bbox 654 1150 758 1242; x_wconf 90' lang='grc' dir='ltr'><strong><em>νόμον</em></strong></span> <span class='ocrx_word' id='word_1_69' title='bbox 775 1156 831 1222; x_wconf 91' lang='grc' dir='ltr'><strong><em>καί</em></strong></span> <span class='ocrx_word' id='word_1_70' title='bbox 855 1151 932 1233; x_wconf 86' lang='grc' dir='ltr'><strong><em>τούς</em></strong></span> <span class='ocrx_word' id='word_1_71' title='bbox 959 1159 1006 1224; x_wconf 89' lang='grc' dir='ltr'><strong><em>οἰ-</em></strong></span> 
     </span>
     <span class='ocr_line' id='line_1_10' title="bbox 56 1249 1040 1343; baseline 0.006 -23"><span class='ocrx_word' id='word_1_72' title='bbox 56 1254 139 1331; x_wconf 83' lang='grc' dir='ltr'><strong><em>κέτας</em></strong></span> <span class='ocrx_word' id='word_1_73' title='bbox 167 1251 388 1334; x_wconf 82' lang='grc' dir='ltr'><strong><em>έξαιτούντων</em></strong></span> <span class='ocrx_word' id='word_1_74' title='bbox 413 1249 489 1333; x_wconf 84' lang='grc' dir='ltr'><strong><em>τούς</em></strong></span> <span class='ocrx_word' id='word_1_75' title='bbox 509 1252 770 1343; x_wconf 82' lang='grc' dir='ltr'><strong><em>έκφορήσαντας,</em></strong></span> <span class='ocrx_word' id='word_1_76' title='bbox 797 1251 860 1323; x_wconf 89' lang='grc' dir='ltr'><strong><em>οὐκ</em></strong></span> <span class='ocrx_word' id='word_1_77' title='bbox 885 1250 1006 1342; x_wconf 77' lang='grc' dir='ltr'><strong><em>ήθέλη·</em></strong></span> <span class='ocrx_word' id='word_1_78' title='bbox 1036 1317 1040 1326; x_wconf 89' lang='grc'>.</span> 
     </span>
     <span class='ocr_line' id='line_1_11' title="bbox 58 1349 1004 1441; baseline 0.001 -21"><span class='ocrx_word' id='word_1_79' title='bbox 58 1371 111 1421; x_wconf 89' lang='grc' dir='ltr'><strong><em>σαν</em></strong></span> <span class='ocrx_word' id='word_1_80' title='bbox 126 1353 194 1422; x_wconf 69' lang='grc' dir='ltr'><strong><em>τοῖν</em></strong></span> <span class='ocrx_word' id='word_1_81' title='bbox 214 1357 353 1423; x_wconf 83' lang='grc' dir='ltr'><strong><em>δικαίων</em></strong></span> <span class='ocrx_word' id='word_1_82' title='bbox 365 1349 466 1423; x_wconf 68' lang='grc' dir='ltr'><strong><em>οὐδὲν</em></strong></span> <span class='ocrx_word' id='word_1_83' title='bbox 478 1357 618 1441; x_wconf 80' lang='grc' dir='ltr'><strong><em>ποιήσαι.</em></strong></span> <span class='ocrx_word' id='word_1_84' title='bbox 646 1355 713 1424; x_wconf 87' lang='grc' dir='ltr'><strong><em>Καί</em></strong></span> <span class='ocrx_word' id='word_1_85' title='bbox 724 1351 774 1423; x_wconf 85' lang='grc' dir='ltr'><strong><em>ότι</em></strong></span> <span class='ocrx_word' id='word_1_86' title='bbox 787 1351 898 1441; x_wconf 74' lang='grc' dir='ltr'><strong><em>ἀληθῆ</em></strong></span> <span class='ocrx_word' id='word_1_87' title='bbox 908 1355 1004 1441; x_wconf 79' lang='grc' dir='ltr'><strong><em>λέγω,</em></strong></span> 
     </span>
     <span class='ocr_line' id='line_1_12' title="bbox 58 1449 605 1541; baseline 0.004 -21"><span class='ocrx_word' id='word_1_88' title='bbox 58 1453 127 1539; x_wconf 73' lang='grc' dir='ltr'><strong><em>λαβέ</em></strong></span> <span class='ocrx_word' id='word_1_89' title='bbox 142 1455 241 1522; x_wconf 85' lang='grc' dir='ltr'><strong><em>ταυτί</em></strong></span> <span class='ocrx_word' id='word_1_90' title='bbox 260 1455 315 1524; x_wconf 87' lang='grc' dir='ltr'><strong><em>καὶ</em></strong></span> <span class='ocrx_word' id='word_1_91' title='bbox 333 1449 516 1541; x_wconf 78' lang='grc' dir='ltr'><strong><em>ἀνάγνωθι.</em></strong></span> <span class='ocrx_word' id='word_1_92' title='bbox 603 1503 605 1509; x_wconf 48' lang='lat'>2</span> 
     </span>
    </p>
   </div>
   <div class='ocr_carea' id='block_1_3' title="bbox 167 1616 887 1671">
    <p class='ocr_par' dir='ltr' id='par_1_3' title="bbox 167 1616 887 1671">
     <span class='ocr_line' id='line_1_13' title="bbox 167 1616 887 1671; baseline 0.001 -4"><span class='ocrx_word' id='word_1_93' title='bbox 167 1616 379 1669; x_wconf 79' lang='lat' dir='ltr'>MAPTTPIAI.</span> <span class='ocrx_word' id='word_1_94' title='bbox 413 1619 624 1671; x_wconf 84' lang='grc' dir='ltr'><strong>ΔΠΟΓΡΑΦΗ.</strong></span> <span class='ocrx_word' id='word_1_95' title='bbox 659 1618 887 1670; x_wconf 84' lang='grc' dir='ltr'>ΠΡΟΚΛΗΣΙΣ.</span> 
     </span>
    </p>
   </div>
   <div class='ocr_carea' id='block_1_4' title="bbox 54 1757 1088 3726">
    <p class='ocr_par' dir='ltr' id='par_1_4' title="bbox 54 1757 1088 3650">
     <span class='ocr_line' id='line_1_14' title="bbox 128 1757 1057 1849; baseline 0.001 -23"><span class='ocrx_word' id='word_1_96' title='bbox 128 1760 281 1826; x_wconf 77' lang='grc' dir='ltr'><strong><em>Τοσαῦτα</em></strong></span> <span class='ocrx_word' id='word_1_97' title='bbox 303 1757 365 1845; x_wconf 72' lang='grc' dir='ltr'><strong><em>μὲν</em></strong></span> <span class='ocrx_word' id='word_1_98' title='bbox 386 1767 503 1829; x_wconf 85' lang='grc' dir='ltr'><strong><em>τοίνυν</em></strong></span> <span class='ocrx_word' id='word_1_99' title='bbox 525 1757 673 1849; x_wconf 84' lang='grc' dir='ltr'><strong><em>χρήματα</em></strong></span> <span class='ocrx_word' id='word_1_100' title='bbox 699 1762 735 1828; x_wconf 77' lang='grc' dir='ltr'><strong><em>ἐκ</em></strong></span> <span class='ocrx_word' id='word_1_101' title='bbox 756 1763 813 1844; x_wconf 82' lang='grc' dir='ltr'><strong><em>τῆς</em></strong></span> <span class='ocrx_word' id='word_1_102' title='bbox 832 1763 936 1836; x_wconf 91' lang='grc' dir='ltr'><strong><em>οἰκίας</em></strong></span> <span class='ocrx_word' id='word_1_103' title='bbox 956 1759 1006 1825; x_wconf 89' lang='grc' dir='ltr'><strong><em>έκ·</em></strong></span> <span class='ocrx_word' id='word_1_104' title='bbox 1022 1773 1057 1827; x_wconf 81' lang='lat'><strong><em>46</em></strong></span> 
     </span>
     <span class='ocr_line' id='line_1_15' title="bbox 61 1851 1006 1948; baseline 0.001 -25"><span class='ocrx_word' id='word_1_105' title='bbox 61 1854 274 1944; x_wconf 81' lang='grc' dir='ltr'><strong><em>φορήσαντες,</em></strong></span> <span class='ocrx_word' id='word_1_106' title='bbox 305 1857 465 1947; x_wconf 80' lang='grc' dir='ltr'><strong><em>τοσαύτης</em></strong></span> <span class='ocrx_word' id='word_1_107' title='bbox 499 1854 531 1927; x_wconf 92' lang='grc' dir='ltr'><strong><em>δ’</em></strong></span> <span class='ocrx_word' id='word_1_108' title='bbox 564 1855 679 1939; x_wconf 89' lang='grc' dir='ltr'><strong><em>οὐσίας</em></strong></span> <span class='ocrx_word' id='word_1_109' title='bbox 710 1859 920 1948; x_wconf 76' lang='grc' dir='ltr'><strong><em>πεπραμένης</em></strong></span> <span class='ocrx_word' id='word_1_110' title='bbox 945 1851 1006 1941; x_wconf 86' lang='grc' dir='ltr'><strong><em>τήν</em></strong></span> 
     </span>
     <span class='ocr_line' id='line_1_16' title="bbox 61 1953 1006 2049; baseline -0.003 -22"><span class='ocrx_word' id='word_1_111' title='bbox 61 1953 144 2042; x_wconf 80' lang='grc' dir='ltr'><strong><em>τιμήν</em></strong></span> <span class='ocrx_word' id='word_1_112' title='bbox 170 1963 317 2046; x_wconf 84' lang='grc' dir='ltr'><strong><em>ἔχοντες,</em></strong></span> <span class='ocrx_word' id='word_1_113' title='bbox 345 1963 392 2027; x_wconf 85' lang='grc' dir='ltr'><strong><em>έτι</em></strong></span> <span class='ocrx_word' id='word_1_114' title='bbox 420 1960 457 2028; x_wconf 71' lang='grc' dir='ltr'><strong><em>δὲ</em></strong></span> <span class='ocrx_word' id='word_1_115' title='bbox 482 1955 539 2038; x_wconf 86' lang='grc' dir='ltr'><strong><em>τάς</em></strong></span> <span class='ocrx_word' id='word_1_116' title='bbox 560 1957 744 2049; x_wconf 75' lang='grc' dir='ltr'><strong><em>προσόδους</em></strong></span> <span class='ocrx_word' id='word_1_117' title='bbox 760 1953 817 2037; x_wconf 87' lang='grc' dir='ltr'><strong><em>τάς</em></strong></span> <span class='ocrx_word' id='word_1_118' title='bbox 837 1959 873 2025; x_wconf 87' lang='grc' dir='ltr'><strong><em>έν</em></strong></span> <span class='ocrx_word' id='word_1_119' title='bbox 891 1958 1006 2045; x_wconf 77' lang='grc' dir='ltr'><strong><em>ἐκείνῳ</em></strong></span> 
     </span>
     <span class='ocr_line' id='line_1_17' title="bbox 63 2056 1032 2150; baseline -0.007 -21"><span class='ocrx_word' id='word_1_120' title='bbox 63 2059 101 2146; x_wconf 73' lang='grc' dir='ltr'><strong><em>τῷ</em></strong></span> <span class='ocrx_word' id='word_1_121' title='bbox 115 2056 223 2150; x_wconf 74' lang='grc' dir='ltr'><strong><em>χρόνῳ</em></strong></span> <span class='ocrx_word' id='word_1_122' title='bbox 235 2060 414 2145; x_wconf 77' lang='grc' dir='ltr'><strong><em>γενομένας</em></strong></span> <span class='ocrx_word' id='word_1_123' title='bbox 429 2056 710 2148; x_wconf 84' lang='grc' dir='ltr'><strong><em>διαφορήσαντες,</em></strong></span> <span class='ocrx_word' id='word_1_124' title='bbox 727 2067 853 2126; x_wconf 89' lang='grc' dir='ltr'><strong><em>οἰονται</em></strong></span> <span class='ocrx_word' id='word_1_125' title='bbox 867 2057 922 2124; x_wconf 91' lang='grc' dir='ltr'><strong><em>καί</em></strong></span> <span class='ocrx_word' id='word_1_126' title='bbox 938 2057 1007 2123; x_wconf 73' lang='grc' dir='ltr'><strong><em>τοῖν</em></strong></span> <span class='ocrx_word' id='word_1_127' title='bbox 1030 2093 1032 2096; x_wconf 93' lang='grc'>-</span> 
     </span>
     <span class='ocr_line' id='line_1_18' title="bbox 63 2151 1006 2246; baseline -0.002 -24"><span class='ocrx_word' id='word_1_128' title='bbox 63 2161 173 2228; x_wconf 75' lang='grc' dir='ltr'><strong><em>λοιπόν</em></strong></span> <span class='ocrx_word' id='word_1_129' title='bbox 199 2155 311 2245; x_wconf 83' lang='grc' dir='ltr'><strong><em>κύριοι</em></strong></span> <span class='ocrx_word' id='word_1_130' title='bbox 337 2157 552 2246; x_wconf 75' lang='grc' dir='ltr'><strong><em>γενήσεσθαι·</em></strong></span> <span class='ocrx_word' id='word_1_131' title='bbox 579 2161 635 2227; x_wconf 86' lang='grc' dir='ltr'><strong><em>καὶ</em></strong></span> <span class='ocrx_word' id='word_1_132' title='bbox 659 2165 706 2237; x_wconf 88' lang='grc' dir='ltr'><strong><em>εἰς</em></strong></span> <span class='ocrx_word' id='word_1_133' title='bbox 723 2159 821 2226; x_wconf 76' lang='grc' dir='ltr'><strong><em>τοῦτο</em></strong></span> <span class='ocrx_word' id='word_1_134' title='bbox 838 2151 1006 2232; x_wconf 78' lang='grc' dir='ltr'><strong><em>ἀναιδείας</em></strong></span> 
     </span>
     <span class='ocr_line' id='line_1_19' title="bbox 64 2250 1007 2349; baseline -0.002 -27"><span class='ocrx_word' id='word_1_135' title='bbox 64 2250 216 2346; x_wconf 76' lang='grc' dir='ltr'><strong><em>ἥκουσιν,</em></strong></span> <span class='ocrx_word' id='word_1_136' title='bbox 236 2253 315 2325; x_wconf 82' lang='lat'>606&#39;</span> <span class='ocrx_word' id='word_1_137' title='bbox 336 2253 514 2349; x_wconf 77' lang='grc' dir='ltr'><strong><em>εὐθυδικίᾳ</em></strong></span> <span class='ocrx_word' id='word_1_138' title='bbox 539 2259 600 2347; x_wconf 72' lang='grc' dir='ltr'><strong><em>μέν</em></strong></span> <span class='ocrx_word' id='word_1_139' title='bbox 617 2254 680 2328; x_wconf 89' lang='grc' dir='ltr'><strong><em>οὐκ</em></strong></span> <span class='ocrx_word' id='word_1_140' title='bbox 698 2254 879 2345; x_wconf 78' lang='grc' dir='ltr'><strong><em>ἐτόλμησαν</em></strong></span> <span class='ocrx_word' id='word_1_141' title='bbox 905 2260 1007 2322; x_wconf 89' lang='grc' dir='ltr'><strong><em>εἰσελ-</em></strong></span> 
     </span>
     <span class='ocr_line' id='line_1_20' title="bbox 64 2351 1007 2449; baseline 0 -28"><span class='ocrx_word' id='word_1_142' title='bbox 64 2364 143 2442; x_wconf 76' lang='lat'>0660,</span> <span class='ocrx_word' id='word_1_143' title='bbox 170 2353 256 2426; x_wconf 84' lang='lat'>6666</span> <span class='ocrx_word' id='word_1_144' title='bbox 275 2356 516 2449; x_wconf 87' lang='grc' dir='ltr'><strong><em>διεμαρτύρονν</em></strong></span> <span class='ocrx_word' id='word_1_145' title='bbox 534 2354 577 2439; x_wconf 75' lang='grc' dir='ltr'><strong><em>ὥς</em></strong></span> <span class='ocrx_word' id='word_1_146' title='bbox 594 2353 679 2446; x_wconf 76' lang='grc' dir='ltr'><strong><em>ὐπδρ</em></strong></span> <span class='ocrx_word' id='word_1_147' title='bbox 697 2364 845 2444; x_wconf 78' lang='grc' dir='ltr'><strong><em>γνησίων</em></strong></span> <span class='ocrx_word' id='word_1_148' title='bbox 863 2351 929 2442; x_wconf 89' lang='grc' dir='ltr'><strong><em>ἀμα</em></strong></span> <span class='ocrx_word' id='word_1_149' title='bbox 946 2353 1007 2441; x_wconf 74' lang='grc' dir='ltr'><strong><em>μέν</em></strong></span> 
     </span>
     <span class='ocr_line' id='line_1_21' title="bbox 64 2451 1058 2580; baseline -0.001 -53"><span class='ocrx_word' id='word_1_150' title='bbox 64 2451 95 2521; x_wconf 76' lang='grc' dir='ltr'><strong><em>τί</em></strong></span> <span class='ocrx_word' id='word_1_151' title='bbox 114 2460 225 2544; x_wconf 75' lang='grc' dir='ltr'><strong><em>ψευδῆ</em></strong></span> <span class='ocrx_word' id='word_1_152' title='bbox 248 2453 316 2545; x_wconf 79' lang='grc' dir='ltr'><strong><em>ἅμα</em></strong></span> <span class='ocrx_word' id='word_1_153' title='bbox 335 2458 372 2526; x_wconf 76' lang='grc' dir='ltr'><strong><em>δὲ</em></strong></span> <span class='ocrx_word' id='word_1_154' title='bbox 388 2454 547 2528; x_wconf 87' lang='grc' dir='ltr'><strong><em>τάναντία</em></strong></span> <span class='ocrx_word' id='word_1_155' title='bbox 564 2453 613 2538; x_wconf 83' lang='grc' dir='ltr'><strong><em>οἷς</em></strong></span> <span class='ocrx_word' id='word_1_156' title='bbox 631 2454 725 2527; x_wconf 88' lang='grc' dir='ltr'><strong><em>αὐτοί</em></strong></span> <span class='ocrx_word' id='word_1_157' title='bbox 743 2459 915 2580; x_wconf 82' lang='grc' dir='ltr'><strong><em>ἔπραξαν·</em></strong></span> <span class='ocrx_word' id='word_1_158' title='bbox 929 2459 1006 2523; x_wconf 82' lang='grc' dir='ltr'><strong><em>οἳτι-</em></strong></span> <span class='ocrx_word' id='word_1_159' title='bbox 1023 2474 1058 2526; x_wconf 91' lang='grc'><strong><em>44</em></strong></span> 
     </span>
     <span class='ocr_line' id='line_1_22' title="bbox 54 2549 1007 2680; baseline -0.015 -45"><span class='ocrx_word' id='word_1_160' title='bbox 54 2579 108 2634; x_wconf 59' lang='lat'>16⁶6</span> <span class='ocrx_word' id='word_1_161' title='bbox 124 2554 204 2678; x_wconf 80' lang='grc' dir='ltr'><strong><em>πρός</em></strong></span> <span class='ocrx_word' id='word_1_162' title='bbox 229 2554 340 2645; x_wconf 70' lang='grc' dir='ltr'><strong><em>μὲν</em></strong></span> <span class='ocrx_word' id='word_1_163' title='bbox 307 2583 365 2628; x_wconf 89' lang='grc' dir='ltr'><strong><em>τον</em></strong></span> <span class='ocrx_word' id='word_1_164' title='bbox 381 2555 523 2680; x_wconf 72' lang='grc' dir='ltr'><strong><em>ἀρηοντα</em></strong></span> <span class='ocrx_word' id='word_1_165' title='bbox 540 2555 734 2649; x_wconf 75' lang='grc' dir='ltr'><strong><em>ἀπέγραψαν</em></strong></span> <span class='ocrx_word' id='word_1_166' title='bbox 752 2552 873 2636; x_wconf 84' lang='grc' dir='ltr'><strong><em>αὐτούς</em></strong></span> <span class='ocrx_word' id='word_1_167' title='bbox 892 2549 950 2636; x_wconf 73' lang='grc' dir='ltr'><strong><em>ὥς</em></strong></span> <span class='ocrx_word' id='word_1_168' title='bbox 953 2550 1007 2622; x_wconf 86' lang='grc' dir='ltr'><strong><em>όν-</em></strong></span> 
     </span>
     <span class='ocr_line' id='line_1_23' title="bbox 66 2653 1007 2748; baseline -0.005 -22"><span class='ocrx_word' id='word_1_169' title='bbox 66 2681 111 2734; x_wconf 80' lang='grc' dir='ltr'><strong><em>τας</em></strong></span> <span class='ocrx_word' id='word_1_170' title='bbox 134 2653 191 2727; x_wconf 86' lang='grc' dir='ltr'><strong><em>τόν</em></strong></span> <span class='ocrx_word' id='word_1_171' title='bbox 218 2657 280 2744; x_wconf 73' lang='grc' dir='ltr'><strong><em>μὲν</em></strong></span> <span class='ocrx_word' id='word_1_172' title='bbox 299 2656 592 2747; x_wconf 77' lang='grc' dir='ltr'><strong><em>Φιλοκτήμονος</em></strong></span> <span class='ocrx_word' id='word_1_173' title='bbox 558 2687 616 2728; x_wconf 91' lang='grc' dir='ltr'><strong><em>τον</em></strong></span> <span class='ocrx_word' id='word_1_174' title='bbox 635 2654 667 2727; x_wconf 97' lang='grc' dir='ltr'><strong><em>δ</em></strong></span> <span class='ocrx_word' id='word_1_175' title='bbox 684 2655 915 2748; x_wconf 78' lang='grc' dir='ltr'><strong><em>Ἐρμαμένους,</em></strong></span> <span class='ocrx_word' id='word_1_176' title='bbox 942 2655 1007 2721; x_wconf 84' lang='grc' dir='ltr'><strong><em>νύν</em></strong></span> 
     </span>
     <span class='ocr_line' id='line_1_24' title="bbox 68 2746 1006 2876; baseline -0.002 -55"><span class='ocrx_word' id='word_1_177' title='bbox 68 2754 97 2821; x_wconf 74' lang='grc' dir='ltr'><strong><em>δὲ</em></strong></span> <span class='ocrx_word' id='word_1_178' title='bbox 108 2754 451 2876; x_wconf 88' lang='grc' dir='ltr'><strong><em>διαμεμαρτυρήκασιν</em></strong></span> <span class='ocrx_word' id='word_1_179' title='bbox 462 2755 672 2848; x_wconf 77' lang='grc' dir='ltr'><strong><em>Εὐκτήμονος</em></strong></span> <span class='ocrx_word' id='word_1_180' title='bbox 686 2757 779 2827; x_wconf 90' lang='grc' dir='ltr'><strong><em>εἰναι</em></strong></span> <span class='ocrx_word' id='word_1_181' title='bbox 806 2763 911 2824; x_wconf 90' lang='grc' dir='ltr'><strong><em>καίτοι</em></strong></span> <span class='ocrx_word' id='word_1_182' title='bbox 929 2746 1006 2820; x_wconf 86' lang='grc' dir='ltr'><strong><em>οὐδ’</em></strong></span> 
     </span>
     <span class='ocr_line' id='line_1_25' title="bbox 68 2845 1006 2946; baseline -0.004 -19.944"><span class='ocrx_word' id='word_1_183' title='bbox 68 2845 287 2944; x_wconf 73' lang='grc' dir='ltr'><strong><em>εἰμνήσιοι</em></strong></span> <span class='ocrx_word' id='word_1_184' title='bbox 265 2877 371 2946; x_wconf 87' lang='grc' dir='ltr'><strong><em>ησαν,</em></strong></span> <span class='ocrx_word' id='word_1_185' title='bbox 399 2865 509 2928; x_wconf 88' lang='grc' dir='ltr'><strong><em>εἰίσπο</em></strong></span> <span class='ocrx_word' id='word_1_186' title='bbox 506 2887 577 2946; x_wconf 91' lang='grc' dir='ltr'><strong><em>ητοι</em></strong></span> <span class='ocrx_word' id='word_1_187' title='bbox 604 2859 656 2946; x_wconf 84' lang='grc' dir='ltr'><strong><em>δέ,</em></strong></span> <span class='ocrx_word' id='word_1_188' title='bbox 684 2853 727 2936; x_wconf 76' lang='grc' dir='ltr'><strong><em>ἀς</em></strong></span> <span class='ocrx_word' id='word_1_189' title='bbox 753 2845 844 2924; x_wconf 89' lang='lat'>06606</span> <span class='ocrx_word' id='word_1_190' title='bbox 862 2859 1006 2940; x_wconf 76' lang='grc' dir='ltr'><strong><em>ἔφασαν,</em></strong></span> 
     </span>
     <span class='ocr_line' id='line_1_26' title="bbox 68 2946 1008 3081; baseline -0.004 -59"><span class='ocrx_word' id='word_1_191' title='bbox 68 2949 130 3073; x_wconf 72' lang='grc' dir='ltr'><strong><em>οὐδ’</em></strong></span> <span class='ocrx_word' id='word_1_192' title='bbox 158 2952 247 3026; x_wconf 79' lang='grc' dir='ltr'><strong><em>οὕτω</em></strong></span> <span class='ocrx_word' id='word_1_193' title='bbox 270 2962 437 3048; x_wconf 79' lang='grc' dir='ltr'><strong><em>προσῆκεν</em></strong></span> <span class='ocrx_word' id='word_1_194' title='bbox 466 2956 586 3038; x_wconf 85' lang='grc' dir='ltr'><strong><em>αὐτούς</em></strong></span> <span class='ocrx_word' id='word_1_195' title='bbox 615 2954 827 3081; x_wconf 75' lang='grc' dir='ltr'><strong><em>Εὐκτήμονος</em></strong></span> <span class='ocrx_word' id='word_1_196' title='bbox 857 2946 1005 3021; x_wconf 66' lang='grc' dir='ltr'><strong><em>εἰναι·“</em></strong></span> <span class='ocrx_word' id='word_1_197' title='bbox 990 2978 1008 3019; x_wconf 97' lang='grc' dir='ltr'><strong><em>ο</em></strong></span> 
     </span>
     <span class='ocr_line' id='line_1_27' title="bbox 68 3049 1088 3147; baseline -0.007 -22"><span class='ocrx_word' id='word_1_198' title='bbox 68 3049 119 3142; x_wconf 71' lang='grc' dir='ltr'><strong><em>γὰρ</em></strong></span> <span class='ocrx_word' id='word_1_199' title='bbox 136 3054 234 3145; x_wconf 90' lang='grc' dir='ltr'><strong><em>νόμος</em></strong></span> <span class='ocrx_word' id='word_1_200' title='bbox 251 3051 314 3127; x_wconf 85' lang='grc' dir='ltr'><strong><em>οὐκ</em></strong></span> <span class='ocrx_word' id='word_1_201' title='bbox 341 3062 378 3128; x_wconf 82' lang='grc' dir='ltr'><strong><em>έά</em></strong></span> <span class='ocrx_word' id='word_1_202' title='bbox 396 3062 580 3147; x_wconf 78' lang='grc' dir='ltr'><strong><em>ἐπανιέναι,</em></strong></span> <span class='ocrx_word' id='word_1_203' title='bbox 608 3055 665 3128; x_wconf 81' lang='grc' dir='ltr'><strong><em>έάν</em></strong></span> <span class='ocrx_word' id='word_1_204' title='bbox 682 3054 726 3145; x_wconf 82' lang='grc' dir='ltr'><strong><em>μή</em></strong></span> <span class='ocrx_word' id='word_1_205' title='bbox 743 3051 818 3123; x_wconf 83' lang='grc' dir='ltr'><strong><em>νίόν</em></strong></span> <span class='ocrx_word' id='word_1_206' title='bbox 844 3057 1008 3138; x_wconf 75' lang='grc' dir='ltr'><strong><em>καταλίπῃ</em></strong></span> <span class='ocrx_word' id='word_1_207' title='bbox 1086 3051 1088 3056; x_wconf 68' lang='grc'><strong>’</strong></span> 
     </span>
     <span class='ocr_line' id='line_1_28' title="bbox 68 3129 1009 3242; baseline -0.017 -8"><span class='ocrx_word' id='word_1_208' title='bbox 68 3151 201 3240; x_wconf 71' lang='grc' dir='ltr'><strong><em>ἰνήσιον.</em></strong></span> <span class='ocrx_word' id='word_1_209' title='bbox 238 3129 393 3230; x_wconf 74' lang='grc' dir='ltr'><strong><em>ὥστεκαὶ</em></strong></span> <span class='ocrx_word' id='word_1_210' title='bbox 412 3149 490 3242; x_wconf 81' lang='grc' dir='ltr'><strong><em>ἐξ</em></strong></span> <span class='ocrx_word' id='word_1_211' title='bbox 462 3187 510 3230; x_wconf 86' lang='grc' dir='ltr'><strong><em>ων</em></strong></span> <span class='ocrx_word' id='word_1_212' title='bbox 528 3155 621 3228; x_wconf 87' lang='grc' dir='ltr'><strong><em>αὐτοί</em></strong></span> <span class='ocrx_word' id='word_1_213' title='bbox 644 3150 823 3240; x_wconf 79' lang='grc' dir='ltr'><strong><em>ἔπραξαν’</em></strong></span> <span class='ocrx_word' id='word_1_214' title='bbox 804 3151 930 3240; x_wconf 77' lang='grc' dir='ltr'><strong><em>ανάγκη</em></strong></span> <span class='ocrx_word' id='word_1_215' title='bbox 946 3147 1009 3236; x_wconf 83' lang='lat'><strong><em>666</em></strong></span> 
     </span>
     <span class='ocr_line' id='line_1_29' title="bbox 70 3250 1058 3348; baseline -0.011 -14"><span class='ocrx_word' id='word_1_216' title='bbox 70 3262 241 3346; x_wconf 71' lang='grc' dir='ltr'><strong><em>μαρτυρίαν</em></strong></span> <span class='ocrx_word' id='word_1_217' title='bbox 253 3263 364 3348; x_wconf 72' lang='grc' dir='ltr'><strong><em>ψευδῆ</em></strong></span> <span class='ocrx_word' id='word_1_218' title='bbox 381 3259 474 3329; x_wconf 88' lang='grc' dir='ltr'><strong><em>εἰναι</em></strong></span> <span class='ocrx_word' id='word_1_219' title='bbox 510 3261 616 3328; x_wconf 86' lang='grc' dir='ltr'><strong><em>καίἰ</em></strong></span> <span class='ocrx_word' id='word_1_220' title='bbox 586 3285 600 3325; x_wconf 97' lang='lat'><strong><em>6</em></strong></span> <span class='ocrx_word' id='word_1_221' title='bbox 603 3250 745 3344; x_wconf 75' lang='grc' dir='ltr'><strong><em>ἰμὲν</em></strong></span> <span class='ocrx_word' id='word_1_222' title='bbox 708 3281 781 3322; x_wconf 90' lang='lat'>6066</span> <span class='ocrx_word' id='word_1_223' title='bbox 793 3250 1008 3342; x_wconf 80' lang='grc' dir='ltr'><strong><em>διεπράξαντο</em></strong></span> <span class='ocrx_word' id='word_1_224' title='bbox 1024 3271 1058 3323; x_wconf 77' lang='grc'><strong><em>45</em></strong></span> 
     </span>
     <span class='ocr_line' id='line_1_30' title="bbox 71 3344 1008 3446; baseline -0.022 -10"><span class='ocrx_word' id='word_1_225' title='bbox 71 3358 271 3443; x_wconf 64' lang='grc' dir='ltr'><strong><em>μισθωθῆναι</em></strong></span> <span class='ocrx_word' id='word_1_226' title='bbox 296 3357 372 3440; x_wconf 83' lang='grc' dir='ltr'><strong><em>τούς</em></strong></span> <span class='ocrx_word' id='word_1_227' title='bbox 398 3369 527 3446; x_wconf 78' lang='grc' dir='ltr'><strong><em>οἴκους,</em></strong></span> <span class='ocrx_word' id='word_1_228' title='bbox 554 3353 616 3427; x_wconf 87' lang='grc' dir='ltr'><strong><em>οὐκ</em></strong></span> <span class='ocrx_word' id='word_1_229' title='bbox 640 3350 682 3425; x_wconf 84' lang='grc' dir='ltr'><strong><em>ἀν</em></strong></span> <span class='ocrx_word' id='word_1_230' title='bbox 700 3361 747 3423; x_wconf 79' lang='grc' dir='ltr'><strong><em>ἔτι</em></strong></span> <span class='ocrx_word' id='word_1_231' title='bbox 764 3344 806 3442; x_wconf 82' lang='lat'><strong><em>66</em></strong></span> <span class='ocrx_word' id='word_1_232' title='bbox 822 3345 968 3422; x_wconf 75' lang='lat'>606606&#39;</span> <span class='ocrx_word' id='word_1_233' title='bbox 949 3377 1008 3435; x_wconf 93' lang='grc' dir='ltr'><strong><em>αμ-</em></strong></span> 
     </span>
     <span class='ocr_line' id='line_1_31' title="bbox 71 3453 1008 3576; baseline -0.004 -52"><span class='ocrx_word' id='word_1_234' title='bbox 71 3459 273 3543; x_wconf 79' lang='grc' dir='ltr'><strong><em>φισβητήσαι</em></strong></span> <span class='ocrx_word' id='word_1_235' title='bbox 299 3463 364 3530; x_wconf 85' lang='grc' dir='ltr'><strong><em>νύν</em></strong></span> <span class='ocrx_word' id='word_1_236' title='bbox 392 3460 429 3529; x_wconf 71' lang='grc' dir='ltr'><strong><em>δὲ</em></strong></span> <span class='ocrx_word' id='word_1_237' title='bbox 454 3453 816 3576; x_wconf 79' lang='grc' dir='ltr'><strong><em>ἀποχειροτονησάντων</em></strong></span> <span class='ocrx_word' id='word_1_238' title='bbox 832 3478 900 3522; x_wconf 82' lang='grc' dir='ltr'><strong><em>των</em></strong></span> <span class='ocrx_word' id='word_1_239' title='bbox 919 3454 1008 3516; x_wconf 84' lang='grc' dir='ltr'><strong><em>δικα-</em></strong></span> 
     </span>
     <span class='ocr_line' id='line_1_32' title="bbox 73 3549 1009 3650; baseline -0.025 -14"><span class='ocrx_word' id='word_1_240' title='bbox 73 3556 149 3622; x_wconf 81' lang='lat'>0660</span> <span class='ocrx_word' id='word_1_241' title='bbox 166 3550 207 3635; x_wconf 69' lang='grc' dir='ltr'><strong><em>ὦς</em></strong></span> <span class='ocrx_word' id='word_1_242' title='bbox 224 3550 326 3631; x_wconf 74' lang='grc' dir='ltr'><strong><em>οὐδέν</em></strong></span> <span class='ocrx_word' id='word_1_243' title='bbox 343 3556 454 3640; x_wconf 77' lang='grc' dir='ltr'><strong><em>αὐτοῖς</em></strong></span> <span class='ocrx_word' id='word_1_244' title='bbox 471 3559 651 3650; x_wconf 78' lang='grc' dir='ltr'><strong><em>προσῆκεν,</em></strong></span> <span class='ocrx_word' id='word_1_245' title='bbox 669 3549 748 3624; x_wconf 73' lang='grc' dir='ltr'><strong><em>οὐδὲ</em></strong></span> <span class='ocrx_word' id='word_1_246' title='bbox 765 3549 1009 3639; x_wconf 72' lang='grc' dir='ltr'><strong><em>ἀμφισβητῆσαι</em></strong></span> 
     </span>
    </p>

    <p class='ocr_par' dir='ltr' id='par_1_5' title="bbox 811 3664 852 3726">
     <span class='ocr_line' id='line_1_33' title="bbox 811 3664 852 3726; baseline 0 -28"><span class='ocrx_word' id='word_1_247' title='bbox 811 3664 852 3726; x_wconf 74' lang='grc'><strong><em>6*</em></strong></span> 
     </span>
    </p>
   </div>
   <div class='ocr_carea' id='block_1_5' title="bbox 0 0 1254 3918">
    <p class='ocr_par' dir='ltr' id='par_1_6' title="bbox 0 0 1254 3918">
     <span class='ocr_line' id='line_1_34' title="bbox 0 0 1254 3918; baseline 0 0"><span class='ocrx_word' id='word_1_248' title='bbox 0 0 1254 3918; x_wconf 95' lang='lat' dir='ltr'><strong><em> </em></strong></span> 
     </span>
    </p>
   </div>
  </div>
 </body>
</html>
