2466 3914
64 235 86 282 p.
101 215 137 268 εο.
259 218 349 269 ΠΕΡΙ
366 218 443 271 ἰον
460 219 615 272 Πτεεου
632 222 797 275 mmor.
969 233 1010 296 33

123 382 175 468 Ὡς
191 389 255 476 μὲν
278 393 371 472 ἐδοξε
394 394 593 482 παραχρῆμα
615 388 721 472 εὐθὺς
743 392 817 463 τότε
838 393 879 464 τὰ
901 402 1011 485 ψευδῆ

59 491 253 577 μαρτυρῆσαι
264 488 472 580 Νικόδημος,
485 495 704 562 ἐπιδέδεικται
713 491 787 563 τότε
798 499 892 564 πᾶσι·
910 519 1009 585 προσ-

59 586 121 675 ήκει
143 589 180 658 δέ
202 593 259 660 καὶ
282 588 365 680 παρ’
383 586 467 681 ὑμῖν
486 609 556 672 τοῖς
578 595 656 681 περὶ
679 590 785 664 αὐτοῦ
806 593 925 664 τούτου
947 594 1010 683 τὴν
1041 615 1044 622 ’

59 695 145 776 δίκην
167 693 325 778 μέλλουσι
349 704 550 781 ψηφιεῖσθαι
574 696 785 782 ἐξελεγθῆυαι
807 692 868 782 τὴν
891 692 1011 764 τούτου

59 797 190 881 μαριυρί
189 820 241 860 αυ.
271 795 428 882 ἐπιθυμῶ
445 793 483 862 δέ
500 795 705 882 πρῶτονμὲν
722 795 798 882 περί
816 790 921 864 αὐτοῦ
936 794 1010 864 τοίι
1027 807 1044 857 8

58 915 107 957 του
126 889 365 980 τυθέσθαι,”
341 920 386 980 ην
406 891 482 962 τινά
505 917 586 964 ποτε
607 892 728 983 προῖκά
750 916 854 982 φησιν
877 891 1010 974 ἐπιδοδς

60 992 202 1060 ἐκδοῦναι
225 989 291 1081 τὴν
312 987 502 1081 ἆδελφὴν“
485 1019 504 1062 ο
522 1019 779 1116 μεμαρτυρηκως
800 997 847 1087 τῷ
868 992 927 1066 τδυ
942 1023 1010 1083 τρι·

58 1086 259 1162 τάλαντον
224 1121 319 1163 οικον
342 1097 572 1185 κεκτημένῳ,
573 1093 643 1163 εἶτα
666 1092 806 1185 πότερον
828 1121 849 1182 η
839 1090 1009 1183 ’ἐγγυητὴ

59 1218 131 1278 γυνη
59 1188 345 1275 γυνΗᾶιιέλιπε
310 1221 370 1263 τον
387 1190 497 1283 ἄνδρα
514 1189 661 1276 ζῶντα”
641 1222 662 1281 η
679 1193 935 1282 τελευτήσαντος
951 1192 1009 1264 τὸν

58 1289 196 1361 οἶκον’
153 1297 278 1382 αυτοῦ,
302 1296 358 1364 καλ
376 1291 456 1383 παρ’
474 1290 553 1363 ὅτου
572 1291 799 1384 ἐκομίσατο
762 1322 824 1382 την
840 1298 899 1381 τῆς
915 1291 1009 1363 ἐδελ-

59 1394 113 1477 γῆς
128 1410 251 1484 προῖκα
267 1384 381 1516 οὗτος,
401 1390 515 1483 ἐπειδη
531 1390 769 1481 τετελευτηκώς
785 1384 858 1487 ἦν
846 1384 874 1463 ὦ
889 1421 1009 1483 μεμαρ

58 1489 185 1580 τύρηκευ
208 1485 308 1575 οὗτος
332 1490 439 1582 αὐτὴν
463 1488 691 1612 ἐγγυῆσαι,
669 1522 689 1581 η
715 1491 810 1582 εἰμὴ
834 1498 929 1583 ἐκομί
927 1502 1043 1580 ξετο,9

59 1586 162 1663 ὁποίαν
179 1600 282 1683 δίκην
304 1589 444 1665 mov*
422 1623 444 1682 η
466 1598 524 1682 τῆς
547 1591 681 1684 προικὸς
704 1622 806 1681 αυτης
830 1597 866 1664 ἐν
884 1605 1009 1664 εἴκοσιν

61 1697 129 1762 ἔτεσι
144 1721 190 1788 τςο
179 1693 372 1785 ἔχοντι
337 1723 396 1765 τον
420 1697 424 1782 Ι
447 1697 572 1784 κλῆρον
590 1692 790 1764 δικάσασθαι
807 1688 1008 1782 ἠξίωσεν,ἰ
987 1721 1009 1810 η

61 1802 86 1860 εί
101 1823 155 1864 του
178 1792 375 1886 ἀνθρώπων
401 1799 553 1865 ἐναντίον
575 1795 768 1884 προσῆλθεν
793 1797 941 1881 ἐγκαλεῖν
962 1797 1009 1884 τῷ

61 1894 239 1990 ιληρουόμω
263 1899 405 2026 περὶ
363 1925 421 1984 της
443 1891 578 1985 προικὸς
601 1897 659 1982 τῆς
676 1890 822 1981 ἀδελφῆς
847 1897 883 1962 ἐν
900 1891 1006 1984 χρόνῳ

61 1993 197 2111 τοσούτῳ
235 1993 316 2086 περί
335 2025 371 2066 τε
393 2025 456 2066 ουν
478 1994 607 2065 τούτων
630 1987 781 2082 ἡδέως“
759 2022 802 2062 αν
823 1999 1005 2080 πυθοίμην,

60 2087 112 2164 δτι
128 2094 201 2166 ποτ’
221 2126 267 2184 ην
283 2095 320 2168 τὸ
339 2107 446 2166 αίτιου
463 2123 523 2164 του
511 2096 646 2184 μηδὲν
662 2091 790 2162 τούτων
806 2095 1006 2179 γεγενῆσθαι

60 2197 182 2284 περὶ
141 2225 197 2286 της
223 2200 384 2320 ἐγγρητης
407 2191 466 2286 (69
489 2192 739 2286 μεμαρτύρηκεν
761 2182 870 2280 ουτος)
893 2219 1005 2278 γυναι

61 2292 120 2384 κός,
148 2300 203 2368 καὶ
235 2295 318 2388 πρὸς
340 2295 468 2376 τούτοις
499 2305 533 2364 εί
551 2323 600 2374 τις
627 2290 723 2373 αλλος
748 2288 910 2380 ἐγγυητην
933 2297 1006 2380 ἔσχε
1025 2311 1056 2362 1ss

61 2421 109 2480 την
122 2425 244 2468 τουτου
266 2394 418 2517 ἆδελφηυ
439 2412 599 2484 γυναῖκα,
624 2389 646 2482 ἢ
669 2396 736 2463 τῶν
753 2389 913 2483 πρότερον
930 2420 1005 2481 χρη

62 2500 197 2584 σαμέυωυ
222 2501 303 2584 πρὶν
327 2527 453 2586 γνωυαι
470 2494 529 2567 τόν
545 2489 704 2586 ημέτερου
726 2505 823 2563 θείου
841 2520 960 2579 αυτην,
985 2487 1006 2579 ἦ

61 2589 118 2664 ὅσοι
133 2601 265 2670 ἐκείνου
287 2597 528 2687 γιγνωσκοντος
552 2599 745 2684 ἐπλησίαζον
768 2589 868 2682 αὕτη,
892 2621 913 2679 η
934 2588 1004 2661 οσοι

62 2690 183 2787 ὕστερον
207 2703 403 2787 ἐπλησίαζον
431 2693 698 2782 τετελευτηκότος
727 2697 870 2763 ἐκείνου
904 2694 1004 2778 δηλου

63 2793 111 2884 γίρ
132 2796 180 2869 ὅτι
203 2797 263 2871 τόυ
287 2795 391 2869 αὕτόν
418 2797 542 2888 τρόπον
570 2791 753 2883 ὁᾶδελφός
777 2787 881 2879 αὐτὴν
903 2787 1004 2859 ἅπασι

64 2913 117 2976 τοῖς
133 2899 367 2988 πλησιάζουσιν
386 2896 550 2968 ἐδεδώκει.
578 2885 695 2986 περὶ
667 2922 715 2964 ων
733 2922 748 2962 ε
750 2889 903 2979 ίδεησειε
921 2888 1000 2961 καθ’
1021 2911 1056 2961 11

65 2997 183 3071 ἕκαστον
202 3007 369 3088 διελθεῖν,
387 2995 451 3069 οὐκ
466 2992 510 3068 ἐν
523 2993 612 3066 πάνυ
624 2992 742 3084 μικρὸν
754 3000 851 3083 ἔργον
864 2993 999 3078 γένοιτο.

66 3093 110 3164 ἐλο
125 3092 249 3187 μὲν
205 3130 269 3172 ουν
291 3095 387 3191 ὑμεῖς
411 3096 582 3220 κελεύητε,
608 3097 683 3185 περὶ
703 3097 804 3164 ἐνίων
817 3099 1001 3180 μνησθείην

65 3187 97 3263 δυ
116 3197 236 3272 αυτιῦν·
272 3208 303 3271 εί
327 3205 367 3270 δέ
387 3221 475 3270 τισιν
495 3191 591 3287 ὖμων
619 3190 761 3288 οἷηδές’
742 3191 877 3262 ακούειυ
901 3195 999 3280 ἐστίν,

67 3290 158 3390 ὥσπερ
176 3305 245 3392 ἐμοὶ
264 3305 374 3389 λέγειν
390 3329 421 3371 τι
439 3293 675 3390 περὶτούτων,
695 3290 794 3373 αὐτας
811 3289 867 3372 τοὶς
879 3321 999 3383 μαρτυ-

66 3404 124 3482 ρίας
144 3397 222 3492 ὑμίν
240 3404 419 3526 παρέξομαι
442 3397 501 3479 τας
523 3402 788 3516 μαρτυρηθείσας
812 3395 906 3461 ἐν
864 3419 904 3481 τί]
921 3419 998 3513 ²⁸9⁰·

67 3497 129 3590 τὲρᾳ
146 3494 280 3594 δίκη,
250 3533 299 3574 ων
315 3499 457 3592 οὐδεμιᾷ
473 3494 717 3583 ἐπισκήψασθαι
740 3491 882 3580 ηξίωσαν
899 3481 997 3563 οὗτοι.

107 3613 182 3665 Ima
165 3633 205 3667 ιιι
827 3611 846 3666 3
