2460 3918
209 152 270 214 136
629 145 756 197 ιωιιον
810 132 813 138 “
1052 149 1101 200 οι.
1123 148 1161 197 11.

175 314 294 396 ρτάτω
318 344 376 385 του
364 314 646 439 τελευτήσμντος
667 320 785 407 γένους
809 321 905 387 ἐστίν.
942 314 1001 387 {av
1019 313 1052 386 6
1071 307 1161 387 οὗτοι

211 413 255 504 μή
275 407 333 485 εἶσι
341 415 528 508 ,δεύτερον
542 413 718 504 ἀδελφάς’
703 425 1006 539 ομοπατρίαςμαλεί
1015 420 1071 486 καὶ
1084 435 1164 494 παῖ-

213 522 272 596 δας
289 513 365 596 τούς
384 520 420 587 ἐκ
436 516 571 587 τούτων.
608 513 665 586 ἐάν
684 516 780 587 δὲ
738 547 782 607 μη
801 507 873 606 ἀοι,
890 524 988 609 τρίτῳ
1006 521 1095 639 γένει
1115 523 1164 586 δί·

212 622 294 686 δωσι
322 615 383 704 τήν
406 614 608 706 ἀγχιστείαν,
639 612 787 700 ἀνεψιοῖς
814 615 894 709 πρὸς
921 616 1042 709 πατρὸς
1071 622 1161 708 μέχρι

210 713 357 799 ἀνεψιάν
379 723 516 787 παίδων.
558 715 614 787 ε’άν
638 718 675 787 δὲ
696 721 751 787 καὶ
773 723 850 788 τοῦτ
854 715 978 787 ’ίὲκλε
963 725 1039 808 ίτχ,
1064 716 1164 799 είςτό

209 821 304 905 γένος
321 816 420 888 πάλιν
432 820 658 907 ἐπανέρχεται,
677 821 732 887 καλ
749 835 837 888 ποιεί
851 816 928 898 τούς
945 817 1039 941 πρβς
1043 817 1164 907 μητρὸς

209 946 268 987 του
259 916 531 1005 τελευτήσαντος
549 923 694 1007 κυρίους
701 915 823 1008 αὐτῶν,
842 916 923 988 κατά
939 916 1043 988 ταύτά
1060 917 1164 989 καθά-

210 1045 271 1108 περ
295 1033 363 1099 τοῖς
385 1015 467 1107 πρὸς
491 1016 611 1108 πατρὸς
630 1014 698 1100 έξ’
679 1022 780 1109 αρχῆς
798 1017 965 1105 ἐδίδου
928 1045 990 1108 τήν
1007 1028 1165 1108 κλήρονο

175 1151 192 1204 3
210 1126 297 1206 μίαν
338 1116 459 1199 ταύτας
482 1134 571 1187 ποιεῖ
592 1115 648 1198 τάς
666 1115 850 1208 ἀγχιστείας
867 1115 885 1188 6
902 1123 1086 1207 νομοθέτης
1111 1117 1165 1208 μά·

209 1248 285 1308 νας,
310 1221 563 1340 συντομωτέρως
586 1235 654 1314 τοῖς
671 1215 851 1310 ῥήμασιν”
830 1248 850 1307 6
869 1217 932 1307 ἐγω
951 1218 1080 1309 φράζω·
1106 1217 1166 1306 τήν

209 1322 319 1407 μέντοι
338 1309 539 1390 διάνοιαν
512 1348 559 1389 ων
576 1307 729 1406 βούλεται
752 1317 854 1409 ταάτχχ
874 1325 1053 1389 δείκνυσιν.
1092 1314 1111 1389 6
1131 1321 1166 1388 δε

209 1437 285 1500 παῖς
297 1411 392 1499 οὗτος
404 1415 485 1489 οὐδὲ
497 1415 576 1488 καθ’
596 1425 633 1489 ἓν
643 1418 770 1489 τούτων
781 1424 849 1490 τάν
864 1416 1036 1509 ὀνομάτων
1049 1415 1167 1510 Αγνία

209 1519 365 1610 προσήκει
400 1523 441 1608 τή
466 1517 650 1641 ἀγχιστεία,
685 1515 758 1588 ἀλλ’
790 1522 863 1603 ἔξω
877 1523 935 1608 τῆς
969 1529 1165 1608 συγγενείας

210 1623 308 1689 ἐστίν.
348 1625 403 1690 ἵνα
428 1615 459 1688 δ’
483 1611 625 1741 ἀκριβεῖς
648 1618 777 1742 μάθητε
800 1609 921 1712 περὶ
893 1648 941 1689 ων
967 1632 1164 1741 μήφιεισθε,

208 1717 285 1800 τούς
303 1717 444 1800 πολλοὺς
461 1718 579 1806 λόγους
597 1709 754 1800 ἐάσας
711 1749 807 1802 ουτος
826 1717 983 1790 εἰπάτω”
964 1750 981 1790 ο
1000 1748 1032 1790 τι
1050 1715 1068 1790 6
1089 1737 1163 1800 πασς

209 1818 366 1941 προσήμει
382 1823 522 1889 τουτωνὶ
539 1824 606 1890 τῶν
624 1823 805 1942 εἰρομένων
827 1825 875 1922 τῷ
891 1819 950 1890 τόν
966 1825 1094 1946 κλήρου
1111 1850 1161 1890 κα-

208 1918 391 1990 ταλιπόντι·
415 1915 477 1990 κάν
500 1925 592 2010 φανή
613 1920 701 1990 κατά
716 1937 747 1991 τι
771 1895 963 2039 πρμάήκων,
990 1919 1079 1990 ἑκών
1104 1919 1161 2008 ἐγώ

173 2025 369 2112 ςσυγχωραῐ
385 2016 421 2090 τά
439 2015 686 2112 ήμικλήριον
656 2049 739 2090 ειναι
764 2050 823 2091 του
811 2020 972 2102 παιδός.
1010 2027 1042 2090 εἰ
1060 2025 1101 2089 δέ
1116 2049 1161 2090 τοι

207 2123 313 2210 μηδὲν
329 2119 457 2192 τούτων
475 2124 538 2192 ἓἙει
549 2129 671 2211 εἰπεῖν,
689 2124 758 2202 πως
775 2118 836 2190 οὐκ
849 2119 1085 2220 ἐλεγχθήσεται
1104 2150 1162 2212 φα-

207 2226 313 2344 νεραῖς
326 2224 382 2311 ἐμὲ
393 2223 455 2311 μὲν
466 2227 696 2311 συκοφαντῶν,
707 2251 793 2311 υμας
807 2217 839 2290 δ
860 2224 1059 2309 ἐξαπατήσαι
1077 2219 1162 2310 παρά

207 2319 285 2401 τούς
301 2321 423 2410 νόμους
435 2326 553 2411 ζήτσῖνς
571 2319 854 2444 ἀναβιβασάμενος
866 2313 929 2392 οάν
942 2319 1052 2444 μάτδν
1071 2326 1160 2392 ε’ναν-

208 2417 316 2490 τίον
296 2426 391 2510 υμῶν
409 2421 560 2512 ἐρωτήσω
583 2421 622 2492 τά
648 2427 683 2492 ἐν
706 2438 775 2502 τοῖς
797 2421 909 2544 νόμοις
931 2411 1161 2513 ἀπαναγιγνά·

209 2539 313 2590 σκων·
343 2517 429 2590 οὕτω
452 2521 515 2643 γάρ
533 2533 665 2593 εἴσεσθε
689 2531 719 2592 εἰ
739 2521 895 2644 προσήκει
916 2551 962 2615 τω
949 2526 1077 2592 παιδὶ
1098 2527 1163 2592 τῶν

205 2613 338 2708 Ἁγνίου
360 2619 533 2744 χρημάτων
555 2617 576 2710 6
599 2621 651 2712 μή.
693 2623 785 2710 Λαβὲ
806 2613 868 2692 οὖν
885 2619 998 2714 αὐτοῖς
1015 2620 1094 2702 τούς
1110 2620 1161 2692 νό·

209 2741 306 2810 μουςΙ
331 2718 431 2791 σάδ’
456 2717 603 2810 ἀνάβηθι
627 2726 742 2813 δεῦρο,
775 2720 888 2810 ἐπειδή
913 2720 1020 2802 δεινὸς
1045 2723 1077 2792 εἷ
1095 2729 1161 2792 δια

209 2820 345 2909 βάλλειν
372 2825 427 2893 καὶ
455 2819 532 2902 τούς
553 2821 676 2911 νόμους
704 2826 922 2914 διαστρέφειν.
964 2818 1059 2892 σῦδ
1085 2819 1162 2894 ἀνα·

207 2929 379 3010 γίγνωσκε.

623 3067 749 3120 NOMOI.

170 3243 188 3294 ο
277 3218 431 3344 Ἐπίσχες
484 3222 638 3314 ἐρωτήσω
673 3227 718 3292 σε
770 3219 914 3318 ἀδελφός
944 3219 1057 3296 ἐσθ’
1042 3239 1161 3302 οπαῑς

202 3317 351 3443 Ἁγνίου,
370 3351 390 3409 6
376 3317 611 3412 ”άδελφιδοῦς
624 3327 656 3405 ἐξ
668 3319 855 3412 ἀδελφοῦ’“
834 3353 854 3446 6
868 3321 1058 3414 ἐξάδελφής
1069 3351 1159 3411 γεγο-

206 3421 288 3510 νάς,
310 3416 332 3508 6
354 3418 502 3513 ἀνεψιός,
528 3419 550 3511 6
576 3427 607 3506 ἐξ
629 3419 769 3507 άνεψιου
791 3423 871 3510 πρὸς
894 3422 1011 3518 μητρὸς
1035 3421 1057 3514 6
1081 3419 1162 3514 πρὸς
