2460 3918
213 205 273 270 122
632 203 759 256 ῙΣΔΙΟΤ
1075 204 1122 260 On.
1137 204 1158 258 9.

212 371 318 444 πολλά
340 368 472 461 κάγαθά
495 369 615 443 παθδν
637 369 704 443 δπό
728 373 942 466 Θεοφράστου
970 379 1030 444 τοῆ
1051 375 1159 468 πατρὸς

125 493 128 515 ’
214 475 276 544 τοῦ
294 476 384 563 ἐμοῦ,
401 469 457 542 ὅτε
473 489 584 565 χεῖρον
596 478 751 564 ἔπραττες
768 469 789 562 ῆ
805 485 895 564 νυνί,
913 477 968 544 καὶ
979 470 1045 545 διεδ
1060 471 1158 546 Ἀστυ-

216 581 335 662 φίλου,
358 568 522 664 οὐδετέρῳ
545 570 661 644 αὐτοῖν
677 571 739 662 τήν
761 571 857 658 άξίαν
873 573 970 665 χάριν
987 571 1158 657 άποδίδως

217 675 273 763 ἐμὲ
289 675 350 763 μέν
366 669 430 763 γάρ
446 670 522 743 υίόν
538 670 617 743 ὄντα
635 673 866 766 Θεοφράστου,
891 678 1003 766 σαυτῷ
1022 676 1059 744 δὲ
1074 672 1157 745 άδελ-

217 778 359 864 φιδουν,
378 770 569 862 ἀποστερεῖς
586 770 609 842 ά
623 802 679 862 μοι
695 779 731 844 οί
743 772 839 864 νόμοι
857 782 993 863 ἔδοσαν,
1018 770 1157 864 Ἀσιυφί-

217 883 277 945 λου
302 875 339 944 δέ
361 877 543 954 τεθνεῶτος
571 873 779 965 καταψεύδῃ,
809 877 865 946 καί
886 872 922 945 τό
945 872 1028 944 κατά
1049 873 1158 946 σαυτὸν

216 978 313 1064 μέρος
329 971 407 1054 τοδς
426 976 597 1062 ἐχθίστους
614 982 773 1062 καθίστης
790 978 857 1046 ταῖν
876 979 1004 1045 ἐκείνου
1016 974 1158 1065 κληρονό-

162 1096 200 1146 24
215 1103 306 1166 μους.
335 1077 391 1144 καὶ
408 1076 488 1162 πρὶν
504 1074 566 1162 μέν
583 1078 823 1164 ληχθῆναιτοῦ
839 1074 980 1167 κλήρου,
1000 1065 1157 1165 οἷάυδρες,

217 1164 257 1244 εὖ
279 1171 375 1254 είδάς
397 1169 415 1243 δ
434 1169 593 1264 Ἱεροκλῆς
619 1171 670 1244 ὅτι
699 1170 813 1245 οὐδενὶ
841 1173 929 1268 άλλμ
957 1182 1102 1263 γίγνοιτο
1126 1174 1159 1246 τά
1206 1245 1207 1258 ,

213 1271 412 1365 Ἀστυφίλου
441 1269 463 1362 ῆ
493 1276 567 1363 ἐμοί
572 1328 580 1363 ,
611 1278 647 1345 έν
673 1277 765 1365 μέρει
795 1273 921 1368 ἑκάστῳ
949 1279 1018 1345 τάν
1043 1278 1158 1345 ἐκείνου
1206 1281 1207 1286 ’

216 1379 411 1464 ἐπιτηδείου
433 1373 570 1464 προσῄει
591 1379 712 1444 πωλῶν
733 1373 770 1445 τδ
787 1378 919 1468 πρᾶγμα
940 1376 996 1445 καὶ
1021 1372 1096 1456 τούς
1111 1372 1157 1446 οὐ·

216 1476 275 1546 δέν
301 1473 525 1567 προσήκοντας
553 1482 683 1545 πείθων
717 1471 954 1565 άμφισβητείν,
985 1478 1092 1563 λέγων
1117 1471 1158 1544 ὅτι
1207 1485 1208 1496 ’

149 1660 154 1668 .
215 1587 308 1654 θείος
326 1585 377 1662 είη
391 1571 576 1668 Ἀστυφίλρι
593 1576 650 1668 καί
660 1571 848 1664 άποφανοίη
862 1573 1026 1664 διαθήκας
1045 1579 1158 1646 ἐκείνου

215 1672 487 1763 καταλελοιπότα,
514 1684 547 1743 εί
565 1702 615 1755 τις
638 1670 729 1768 αὐτῷ
757 1674 961 1747 κοινάσοιτο·
993 1674 1105 1762 έπειδῆ
1128 1675 1157 1743 δὲ

215 1773 298 1866 πρὸς
320 1776 458 1845 Κλέωνα
482 1773 745 1864 διωμολογήσατο
772 1777 828 1846 καί
850 1779 917 1845 τῶν
939 1779 1000 1846 τοῦ
1024 1771 1158 1863 άδελροο
1208 1789 1209 1796 ’

216 1879 396 1967 ἐμερίσατο,
414 1876 492 1946 νυνὶ
504 1870 548 1956 ωδς
565 1871 677 1963 άληθῆ
687 1878 792 1963 λέγων
803 1872 933 1959 άξιάσει
944 1873 1155 1945 πιστεύεσθαι.

217 1982 309 2046 δοκεῖ
326 1977 366 2044 δέ
376 1973 434 2064 Ιμοι
451 1970 514 2046 κάν
530 1972 646 2065 ὀμόσαι
663 1973 820 2064 άσμευος,
840 1986 876 2045 εί
888 2005 938 2056 τις
961 1971 1056 2068 αὐτῷ
1071 1971 1156 2064 ὅρκον

162 2087 198 2140 25
217 2080 333 2164 διδοίη.
370 2078 425 2144 καὶ
443 2077 513 2164 ἐμοὶ
530 2077 591 2165 μέν
608 2073 770 2164 συγγενής
789 2071 836 2146 άν
852 2072 932 2147 οάδέ
948 2072 989 2144 τά
1005 2073 1156 2163 γενόμενα
1209 2078 1210 2134 λ

217 2179 324 2246 ἐθέλει
345 2192 543 2266 μαρτυροίη,
567 2166 595 2268 ᾦ
618 2172 651 2244 δ’
674 2172 776 2247 οὐδέν
798 2174 973 2266 προσήκει,
1002 2169 1156 2267 τούτῳτί

216 2278 326 2364 ψευδῆ
348 2274 571 2365 συλλαμβάνει
592 2277 647 2346 καί
669 2277 737 2346 τῶν
759 2272 799 2346 οὐ
830 2279 1048 2366 πραχθέντων
1068 2302 1154 2363 γραμ-

215 2392 350 2465 ματείου
366 2371 439 2462 ῆκει
456 2378 584 2466 φέρων·
608 2373 693 2446 πολι)
710 2373 773 2467 γάρ
791 2371 1065 2467 προύργιαίτερον
1081 2369 1155 2462 ήγεί-

215 2504 268 2544 ται
294 2473 438 2545 είναιτδ
462 2481 716 2565 χρηματίζεσθαι
738 2472 837 2564 ῆτήν
860 2473 941 2565 έμήν
964 2479 1154 2564 συγγένειαν.

217 2570 261 2656 άς
281 2575 317 2644 δὲ
336 2576 553 2662 ἐπηγγέλλετο
577 2574 713 2666 περιιοδν
732 2574 894 2664 διαθήκας
911 2572 1110 2665 ἀποφανεῖν,
1132 2579 1158 2638 εί

216 2703 265 2757 τις
278 2670 372 2768 αὐτῷ
388 2673 589 2764 κοινάσοιτο,
608 2672 729 2756 αὕτοδς
746 2671 827 2765 ὑμῖν
844 2671 894 2757 οἷς
907 2679 1076 2766 προσῆλθε
1087 2670 1155 2764 μάρ

214 2805 316 2866 τυρας
333 2777 520 2865 παρέξομαι.

587 2939 793 2991 ΜΑΡΤΤΡΕΣ.

164 3089 199 3145 λδ
296 3085 337 3148 Τι’
350 3067 413 3149 οὖν
429 3075 509 3169 χρή,
528 3067 555 3146 ὦ
571 3075 706 3167 ἄνδρες,
730 3075 834 3166 ὄνομα
850 3078 975 3147 θέσθαι
996 3073 1100 3168 τοάτςο
1115 3073 1155 3162 τῷ

216 3176 331 3270 άνδρί,
349 3175 438 3258 ὅστις
457 3181 565 3248 ἐθέλει
581 3174 668 3248 οὕτω
685 3183 809 3271 ῥαδίως
828 3174 883 3248 διά
899 3175 936 3248 τδ
955 3179 1077 3246 ἑαυτοῦ
1091 3181 1153 3259 κέρ-

217 3286 274 3360 δος
299 3282 367 3348 τῶν
395 3276 590 3348 τεθνεώτων
617 3275 706 3359 τινδς
732 3277 1018 3364 καταψεύδεσθαι,
1043 3271 1098 3354 Ὡς
1122 3270 1153 3339 δὲ

215 3376 298 3450 οὐδὲ
313 3379 444 3448 Κλέωνι
466 3394 585 3467 προῖκα
601 3375 658 3458 τάς
682 3376 843 3466 διαθήκας
865 3375 1059 3467 άποφαίνει,
1080 3365 1153 3443 άλλά

216 3475 339 3550 κισθὸν
361 3485 513 3566 είληφεν,
542 3473 625 3565 αὕτη
653 3473 734 3569 ὑμῖν
755 3474 776 3567 ή
797 3487 960 3571 μαρτυρία
980 3473 1022 3548 οά
1045 3466 1153 3565 μικρδν
