2466 3914
87 233 130 282 Οι.
149 230 170 279 1.
242 228 331 282 ΠΕΡΙ
349 228 425 280 ΤΟΤ
441 229 679 282 ΚΔΕΩΝΤΜΟΤ
697 231 862 284 ΚΛΗΡΟΤ.
989 237 1029 300 13

84 410 205 473 τίποτε
235 402 471 492 ἐπανορθώσας
498 405 698 526 κυριωτέρας
728 399 829 484 αότάς
856 398 963 526 ήγοῖτ’
986 432 1029 474 αν

84 505 218 590 ποιήσαι
237 519 305 584 τοῖς
321 531 385 595 γαρ
403 503 512 586 αλλοις
530 494 626 586 οότος
639 501 715 595 ὅρος
728 508 798 575 ἐστί
783 513 833 593 ίν,
852 531 878 574 ω
866 493 1027 595 ανδρες,

83 608 141 674 τόν
163 607 307 696 δωρεων
345 601 417 678 ”Eu
440 607 477 676 δδ
495 610 550 676 καὶ
574 615 608 675 εί
620 633 652 676 τι
670 603 900 729 πρρσγράψαι
901 602 1028 686 τούτοις
1046 631 1079 681 25

83 702 241 793 ἐβούλετο,
267 703 324 775 δια
345 714 381 776 τί
400 703 462 777 οὐκ
486 711 523 778 ἐν
546 709 646 827 ἑτέρῳ
668 704 796 797 γράψας
819 702 904 776 πότα
925 733 1027 828 χραμ-

81 813 176 928 ματεί
164 834 190 876 ω
219 809 412 896 κατέλιπεν,
441 804 554 896 ἐπειδή
583 835 624 877 τα
650 805 824 899 γράμματα
851 804 955 928 παρὰ
960 809 1028 876 τοῖν

80 903 239 996 ἀρχόντων
260 903 323 978 οὐκ
347 907 509 1033 ἐδυνήθη
518 916 656 996 λαβεῖνς·
674 905 805 979 ἆνελεῖν
821 906 902 1000 γάρ,
927 931 965 977 ω
971 936 1027 977 αν·

82 1015 163 1130 δρες,
187 1005 249 1098 οόχ
271 1004 390 1090 οίόςτ’
417 1000 460 1098 ήν
488 1008 568 1080 αλλο
589 1026 812 1100 γραμματεῖον
832 1003 857 1098 ή
878 1005 915 1079 τό
939 1034 1028 1099 παρα

79 1137 111 1198 τη
133 1105 217 1199 ἀρχή
240 1118 406 1199 κείμενον·
431 1111 555 1202 μραψαι
579 1108 612 1180 δ’
639 1113 714 1199 ἐξῆν
737 1114 827 1192 είς“
808 1137 920 1202 ετερον
945 1120 978 1180 εί
996 1138 1028 1178 τι

81 1209 239 1300 ἐβούλετο,
263 1214 319 1280 καὶ
336 1213 420 1302 μηδὲ
436 1208 534 1284 τοῦθ’
557 1207 637 1301 ήμῖν
654 1207 941 1301 ἀμφισβητήσιμον
960 1214 1026 1302 ἑήν.

80 1318 115 1381 Ee
127 1319 242 1382 τοίνυν
254 1315 310 1382 καὶ
327 1316 425 1384 τοῦτο
443 1311 733 1402 συγχωρήσωμεν,
753 1307 797 1393 ὥς
816 1316 940 1392 ἐκεῖνος
952 1315 1028 1382 ἐπα·
1045 1340 1079 1392 26

79 1416 237 1502 νορθωσαι
254 1410 312 1494 τὰς
331 1412 494 1503 διαθήκας
513 1412 682 1504 ἐβούλετο,
701 1416 783 1484 πᾶσι.
800 1412 907 1502 δήπου
925 1439 1026 1502 φανε-

79 1510 128 1602 ρόν
148 1509 231 1603 ὑμῖν
261 1517 350 1586 ἐστιν
379 1513 429 1586 ὅτι
450 1512 512 1585 οόκ
534 1511 644 1606 ὀρθοῖς
668 1509 771 1595 αὐτός
795 1520 882 1604 ἔχειν
903 1508 1024 1602 ήμεῖτο.

78 1622 170 1685 καίτοι
188 1632 342 1686 σκοπεῖτε
365 1618 420 1686 καὶ
444 1620 603 1688 ἐντεῦθεν
624 1613 686 1703 τήν
708 1611 945 1705 ἀναισχυντίαν
968 1610 1026 1684 αό-

78 1719 150 1804 τόν,
177 1719 212 1786 οί
235 1745 323 1796 τινες
352 1716 473 1798 ταύτας
502 1714 559 1798 τὰς
584 1715 746 1804 διαθήκας
769 1713 918 1801 ἀξιοῦσιν
942 1715 1027 1786 εἶναι

79 1825 198 1908 κυρίας,
230 1814 269 1899 δὶς
297 1814 493 1908 ὁμολογοῦσι
510 1815 588 1908 μηδ’
620 1814 722 1888 αὐτόν
745 1815 803 1889 τόν
828 1819 1027 1906 διαθέμενον

79 1915 193 2008 [ταῦτα]
219 1915 331 2009 ὀρθοῖς
354 1927 442 2010 ἔχειν
465 1915 639 2008 ἡγεῖσθαι,
664 1920 719 1988 καὶ
742 1926 920 1989 πείθουσιν
942 1911 1027 2005 ὑμᾶς

79 2021 200 2090 ι’ναντία
231 2022 287 2089 καὶ
309 2038 379 2102 τοῖς
400 2019 512 2110 νόμοις
536 2023 592 2090 καί
614 2023 663 2112 τῷ
685 2025 803 2112 δικαίῳ
826 2020 882 2088 καί
905 2021 947 2107 τῇ
967 2020 1029 2086 τοῦ

78 2120 332 2210 τετελευτηκότος
355 2120 470 2212 γνώμη
488 2129 707 2210 ψηφίσασθαι.
732 2117 803 2190 Ἔτι
820 2127 937 2189 τοίνυν
953 2114 1027 2188 ποό-
1045 2135 1078 2184 27

78 2249 133 2291 τον
154 2218 313 2293 ἁπάντων
334 2219 565 2303 ἀναιδέστατος
592 2225 660 2292 τοῖν
682 2218 790 2309 λόγων
819 2223 925 2308 ἐστίν,
946 2215 1027 2290 όταν

77 2317 206 2412 τολμῶσι
227 2323 335 2412 λέγειν
351 2318 395 2404 οἱς
407 2321 606 2446 Κλεώνυμος
618 2319 720 2394 οὐδὲν
736 2317 820 2412 ἡμᾶς
838 2325 906 2392 τῶν
923 2316 1028 2392 αὑτοῦ

79 2430 180 2510 λαβεῖν
199 2423 365 2513 ἐβούλετο
394 2433 515 2514 καίτοι,
535 2451 561 2493 ω
547 2413 715 2514 ἄνδρες,
739 2419 868 2505 τίνας”
848 2452 891 2494 αν
907 2420 1027 2502 αλλους

78 2527 168 2595 mina
195 2533 285 2616 ἔχειν
314 2525 482 2650 ἐβουλήθη
509 2529 634 2616 μᾶλλον
661 2553 683 2613 η
705 2544 859 2613 τουτους,
888 2519 947 2604 σός
970 2524 1026 2594 καὶ

78 2629 132 2706 ζων
148 2631 184 2698 ἐκ
201 2655 270 2698 των
287 2655 391 2698 αυτου
380 2631 541 2697 πλεῖστα
552 2654 620 2697 των
629 2631 762 2698 οἰκείων
780 2621 917 2716 ὠφέλεις
936 2622 1027 2694 Πόν-
1044 2641 1078 2692 28

79 2723 231 2798 τωνδ’”
210 2757 253 2799 αν
278 2739 329 2817 εῖη
346 2727 639 2850 θαυμασιότμτον,
660 2735 791 2817 είΚηφ
793 2732 948 2815 ίσανδρος
965 2726 1027 2815 μὲν

78 2853 92 2894 ο
106 2855 230 2900 τουτων
246 2837 367 2910 οἰκεῖος
386 2835 515 2899 δίκαιον
537 2824 648 2917 ήμεῖτο
673 2829 757 2900 εἶναι
774 2830 908 2952 μέρμς“
889 2848 1027 2898 εκαστον

79 2922 161 3016 ἡμων
189 2937 277 3021 ἔχειν
299 2935 357 3018 τῆς
380 2927 512 3017 ουσίας,
541 2927 741 3018 Κλεώνυμος
767 2925 834 2997 δ’
823 2927 859 3009 ός
882 2917 925 3016 ήν
946 2923 1027 3017 ήμῖν

79 3031 263 3112 οἰκειότατος
286 3026 385 3101 καῖ’
366 3034 451 3120 ημᾶς
475 3036 522 3111 είς
544 3027 605 3118 τήν
628 3037 737 3100 οίκίαν
759 3027 820 3118 τήν
844 3025 948 3099 αὐτου
970 3038 1024 3097 λα-

80 3127 141 3214 βόυ
157 3131 340 3224 ἑθεραπευε
362 3133 417 3201 καὶ
442 3135 627 3220 ἐπεμελεῖτο
644 3158 712 3201 των
730 3126 897 3220 ήμετίρων
915 3126 1024 3218 ὥσπερ

79 3235 137 3301 τόν
158 3229 263 3304 κότου
284 3260 501 3324 πραγματων,
524 3259 620 3312 ουτος
642 3229 742 3320 μόνος
765 3225 960 3322 ἐβούλετο
941 3232 1024 3318 ημᾶς

81 3326 280 3426 ιἰκλήρους
250 3363 335 3405 ειναι
352 3361 419 3403 των
436 3328 549 3403 αυτοῦ.
586 3334 640 3402 καὶ
658 3339 706 3412 τίς
724 3360 766 3403 αν
782 3329 877 3422 υμῶν
894 3327 1025 3400 πιστεό·
1042 3349 1075 3401 ²9

81 3453 159 3506 σειεν
176 3433 412 3526 εόνουστερους
424 3437 479 3503 καὶ
496 3436 732 3524 μετριωτέρους
743 3431 820 3513 τούς
837 3429 1025 3510 ἀντιδίκους

82 3527 150 3623 ἡμῖν
120 3537 261 3609 ῖείναι
291 3564 358 3607 των
387 3532 613 3619 οίαειοτότωνς
643 3529 795 3603 κάκεῖνον
819 3535 931 3620 μέν,
920 3556 946 3596 ω
935 3519 1025 3597 καὶ
