2466 3914
420 179 626 232 PRAEFATIO
645 179 798 232 emptor.
1046 195 1084 242 11

127 352 165 426 (v.
178 351 335 409 Boissonad.
349 349 382 406 ad
395 349 553 407 Philostrati
567 351 750 425 Heroicump
765 357 868 424 28877.
883 351 949 408 777.
965 351 1085 408 77777777.

126 437 164 494 77
188 435 296 492 7777777.
316 433 357 490 lV.
378 451 405 508 p
426 441 477 494 285
499 452 539 508 sq.
560 451 633 490 rneae
651 434 725 492 lectt.
739 435 801 508 Lys-
818 453 845 509 p
867 441 901 496 70
916 435 972 491 sive
987 433 1085 508 3677).

127 520 215 576 κυεῖν
231 536 282 592 pro
298 507 381 574 κύειν
398 535 438 574 or.
452 524 477 578 8.
494 517 561 590 §88
575 517 609 590 (v
627 519 659 574 ad
673 518 734 593 Lys
750 535 790 574 or.
808 526 847 580 18.
864 519 953 594 842),
971 514 1087 591 δέδιμεν

126 621 183 678 pro
205 597 340 676 δεδίαμεν
361 618 401 659 or.
422 611 447 661 5.
469 601 541 674 522
561 619 622 660 curn
636 601 737 660 Cobeto
757 619 817 658 nov.
835 601 909 658 lectt.
930 620 957 675 p.
972 609 1030 664 too.
1046 597 1087 670 εἰς

127 704 182 761 pro
206 679 308 780 ἕςρι.
319 695 343 746 l.
360 685 434 757 §tt
456 681 539 754 etcl'9
560 703 589 741 τε
608 703 658 759 pro
680 679 757 754 ςτε
774 703 814 742 or
832 692 857 747 7.
875 681 1029 757 3347777
1044 683 1086 760 Α)

128 778 160 826 77
177 764 219 836 εἰς
240 755 332 824 αὑτὸν
353 785 405 844 pro
425 756 510 836 39‘
473 755 566 824 αυτὸν
588 786 628 826 or.
645 773 673 828 7.
689 770 771 841 889,
788 786 844 826 non
860 768 934 843 quod
947 768 1001 826 boc
1016 771 1087 826 7777-

17 915 22 934 .
128 871 194 911 cum
215 869 270 909 non
293 854 344 916 777,
365 853 412 909 777
428 853 501 926 quod
525 870 580 910 non
605 854 694 910 minus
715 854 934 911 abcmosthenis
957 851 1087 926 (77777777

127 938 217 1012 prael.
237 937 270 993 ad
284 936 355 992 77777.
369 953 396 1010 p
413 936 509 1010 77777.)
525 954 604 1011 quarn
618 937 651 994 ab
666 937 733 994 lsaei
748 953 800 993 usu
815 937 957 999 abhorret,
972 936 1088 992 77777777

127 1021 214 1077 etiam
239 1019 410 1077 scribendum
433 1017 606 1088 Εἰλειθυίας
635 1039 697 1078 cunr
718 1021 824 1078 Baitero
850 1037 902 1094 pro
925 1016 1089 1092 Εἰληθυίας

129 1121 176 1161 or.
194 1112 219 1161 5.
233 1094 299 1182 §35
313 1113 341 1161 et
356 1095 582 1180 περιεορὰκασιν
602 1121 653 1180 pro
675 1098 906 1196 περιεωράκασιν
928 1120 969 1160 or.
984 1109 1009 1167 7,
1021 1103 1090 1175 832

129 1196 160 1244 77
171 1175 355 1280 ἓιιρννότωνΙ
348 1206 376 1244 rn
390 1188 486 1285 qugm.
499 1197 541 1251 88.
553 1190 594 1246 77.
606 1197 717 1245 7777777
726 1205 777 1263 pro
792 1176 972 1262 ἑωρακότων.
995 1187 1089 1243 Utrum

129 1263 275 1347 φράτερες
297 1289 348 1346 pro
371 1267 529 1367 φράτορες,
551 1273 656 1347 quod'
648 1290 677 1328 in
702 1273 779 1329 codd.
802 1280 958 1328 constanter
978 1271 1088 1343 legitur,

129 1357 324 1430 corrigendum
338 1355 388 1419 sit,
403 1357 432 1413 in
450 1359 539 1414 medio
555 1357 713 1430 relinquam.
742 1356 868 1412 Fidentcr
886 1363 976 1412 autem
989 1353 1090 1428 ubique

127 1441 288 1516 ylyveodoc
310 1441 421 1514 scripsi,
444 1443 563 1516 quamvis
585 1443 612 1498 id
630 1442 734 1498 octiens
749 1448 854 1496 tanturn
866 1440 895 1495 77
912 1438 998 1500 7777,
1012 1435 1089 1512 γίνε-

128 1525 207 1579 σθαι
220 1524 409 1580 duodeviciens
424 1527 591 1600 reperiatur,
612 1534 640 1581 77
656 1516 843 1617 γιγνώσκειν.
857 1523 977 1596 quamvis
994 1521 1090 1578 77777

130 1609 242 1682 saepius
269 1624 349 1701 quarn
377 1615 419 1664 ter
443 1617 610 1684 compareat,
638 1598 795 1684 γινώσκειν
828 1607 1001 1664 duodeciens
1036 1605 1090 1660 777

128 1691 406 1764 Dindorl.1nSteph.
428 1693 497 1750 thes.
517 1693 673 1750 etVoemel
688 1694 793 1768 proleg.
809 1692 926 1748 7777777.
949 1691 1091 1747 contiones

129 1782 228 1858 p7t33
240 1793 299 1849 sqq.
315 1775 345 1830 ln
359 1777 454 1850 Lysiae
469 1779 577 1852 quidem
598 1777 770 1836 orationibus
786 1793 837 1849 ego
855 1791 998 1849 perperam
1013 1772 1088 1829 codi-

131 1861 172 1916 cis
188 1859 303 1915 Palatini
316 1859 513 1918 inconstantiae
527 1862 604 1919 cessi.

218 1943 271 1999 lam
293 1942 415 2017 singulos
436 1946 562 2020 deinceps
580 1944 657 2003 locos
666 1945 848 2008 ..enumerabo
875 1944 903 1999 in
920 1941 1018 2016 quibus
1032 1957 1092 1996 mea

132 2028 218 2084 editio
233 2027 370 2100 discrepat
391 2047 407 2084 7
420 2030 591 2086 Bekkcrrana
624 2029 744 2103 Singidis
758 2037 848 2086 autern
866 2024 1037 2083 orationibus
1051 2024 1091 2080 ia·

132 2111 271 2169 miliarum
284 2112 317 2167 de
333 2112 433 2184 quibus¹
448 2115 538 2186 agitur
553 2121 694 2205 stemmata
707 2112 844 2185 descripta
857 2107 1014 2183 praeposui.

220 2187 322 2250 Vitae
341 2185 448 2252 77777.
476 2188 503 2251 οἱ.
525 2185 595 2268 μετὰ
614 2184 664 2250 τὸν
687 2195 798 2251 Heloro.
828 2194 948 2249 editores
964 2191 1091 2247 'turicen-

134 2297 179 2335 ses
202 2296 216 2334 e
239 2278 358 2352 Dionysii
379 2279 437 2336 Hal.
460 2281 493 2337 de
515 2281 590 2337 lsaeo
614 2279 669 2336 777
679 2278 796 2374 17777.
819 2277 849 2332 V.
872 2294 899 2351 p
921 2281 981 2335 568
1003 2274 1045 2347 R)
1066 2284 1093 2330 et

133 2362 258 2419 Pseudo·
263 2361 334 2418 Plut.
358 2363 403 2419 vit
427 2365 598 2422 77777-
561 2352 689 2420 -κατόι
716 2380 768 2419 τον
792 2360 903 2417 Helori.
932 2358 995 2415 libri
1017 2355 1093 2431 (tek-

134 2445 213 2518 777).
235 2433 302 2524 ss
270 2462 324 2518 την
353 2444 517 2526 πολιτείαν]
546 2467 601 2521 νην
630 2444 759 2523 βιοτείαν
786 2443 911 2540 Spengel.
935 2444 964 2498 in
982 2442 1092 2516 Ephcm.

134 2530 329 2590 blonac.1885
345 2548 396 2587 nro
410 2539 471 2604 245.
489 2541 561 2590 77777
575 2534 681 2608 opinor.
709 2532 767 2606 Ego
789 2531 954 2587 conieceram
970 2517 1025 2598 τὴν
1039 2542 1092 2580 πο-

135 2610 269 2705 νηρίαν.
279 2597 461 2674 Philostratus
482 2617 529 2672 vit
553 2619 631 2713 soph.
646 2618 712 2674 lsac.
729 2617 754 2678 1,
769 2634 797 2690 p
816 2620 866 2674 277
882 2613 923 2668 cd.
938 2609 1017 2684 Kays
1032 2609 1092 2665 mai.

135 2697 219 2754 habet
239 2685 317 2754 οὕτω
345 2715 373 2752 τι
400 2719 450 2775 μετ
452 2695 564 2796 ἔβαλεν.
584 2697 597 2778 ll
611 2691 737 2777 ’Ἀρδνος
757 2696 817 2754 777.
838 2706 866 2753 77
888 2693 1016 2751 Philostr
1034 2693 1052 2747 l.
1067 2693 1093 2748 d.

136 2779 238 2879 (Turn.)
254 2781 328 2837 Libri
348 2782 390 2838 vel
404 2776 520 2852 Λιδύος
542 2783 609 2858 (ol.)
600 2784 666 2857 )vel
681 2772 859 2857 Λνδυος[
815 2774 859 2860 Μ
859 2796 951 2834 ταντα
970 2772 1001 2833 δέ
1021 2790 1093 2849 φησι

136 2895 180 2906 -
199 2852 291 2922 αὐτὸν
312 2865 409 2960 aelel]
432 2870 502 2926 Haec
521 2884 581 2925 curn
602 2869 714 2926 lectoris
735 2866 848 2924 alicuius
872 2862 952 2919 verba
976 2878 1035 2917 esse
1055 2861 1094 2915 vi·

136 2950 267 3012 deantur,
295 2950 340 3023 qui
359 2969 481 3010 errorem
501 2953 620 3010 auctoris
644 2953 723 3008 huius
752 2952 820 3006 vitae
843 2948 908 3004 satis
926 2945 1044 3019 imperiti
1061 2944 1093 3000 ad

137 3147 199 3180 ³⁰³⁰
219 3132 303 3191 ledilur
322 3130 414 3186 &laceio
432 3131 481 3184 καὶ
500 3132 607 3198 πραξαι
624 3151 667 3200 pro
686 3127 847 3183 clausionem
865 3125 1030 3192 διαπρᾶξαι.
1050 3127 1094 3176 Ce-

136 3205 213 3246 lerum
236 3197 317 3247 eadem
340 3206 448 3254 conlusio
471 3209 506 3252 est
528 3205 612 3283 apud
605 3217 682 3267 ipsum
698 3203 789 3250 Isaeum
807 3215 834 3249 or
851 3206 871 3247 6
890 3196 908 3261 8
925 3205 963 3245 78
981 3196 1015 3244 ibi
1033 3193 1094 3243 eninr

136 3266 192 3316 libri
216 3275 311 3329 praeter
332 3273 351 3320 Α
378 3265 557 3334 διέπραττενε
580 3273 605 3320 77
629 3271 674 3318 777
692 3269 743 3318 7777
761 3267 858 3331 simplex
876 3266 1014 3318 continetur
1033 3261 1095 3326 quod

137 3332 306 3382 restituendum
323 3341 418 3388 oratori

204 3398 227 3462 *l
249 3401 333 3454 Contra
351 3403 369 3469 8
387 3415 411 3456 29
429 3395 600 3455 olnodldoroc
623 3419 665 3467 pro
688 3393 862 3451 αποδιδόναι
886 3401 937 3447 iure
955 3395 1051 3445 scribi
1046 3408 1096 3445 ius·

138 3473 170 3522 sit
186 3471 317 3527 Bcklierus,
336 3475 534 3536 probaveruotque
553 3473 630 3520 critici
648 3471 714 3518 7777,
