2460 3918
58 212 87 264 p,
105 195 148 252 81.
225 197 316 247 ΠΕΡΙ
332 195 408 248 ΤΟΤ
425 193 659 248 ΑΡΙΣΤΔΡΧΟΤ
676 195 839 246 ΚΑΗΡΟΤ.
951 202 1008 264 131

56 360 188 436 060⁹*
168 395 210 436 αν
238 362 412 453 φάσκωσιν
438 358 499 433 ὑπ’
532 367 660 435 ἐκείνου
683 369 881 454 ποιηθῆναι,
909 365 1012 490 νόμον

57 470 171 548 ἕξουσι
190 469 292 548 δεῖξαι
310 462 389 538 καθ’
408 459 448 535 όν
466 461 601 553 ἐξήν’
559 493 649 558 αυτῳ
666 469 770 536 ταῦτα
787 471 917 588 πρᾶξαι,
936 463 1009 538 ἀλλ’

58 555 144 648 ἐξ
116 594 165 635 ων
183 561 278 635 αύτοί
302 569 499 654 λε’γουσιν”
481 591 527 634 ετι
555 565 787 655 φανερώτερον
811 561 892 656 ύμῖν
915 566 1012 656 γενή-

56 687 151 735 σεται
174 694 287 755 τουτο,
310 663 360 736 ότι
382 664 579 756 παρανόμως
602 668 657 735 καί
679 663 827 755 ύσελνοῐς
845 674 956 756 ἔχουσι
973 664 1013 736 τύ

55 771 116 854 τῆς
138 763 259 858 μητρός
281 763 436 858 χρήματα.
477 767 544 835 Καὶ
560 766 623 855 μὲν
646 765 704 856 66,
728 796 753 836 ω
742 757 907 858 ἄνδρες,
932 763 1014 838 0666
1031 783 1064 835 12

53 863 276 958 Ἀριστομένει
296 894 336 955 γε
358 861 438 937 ούδέ
452 861 703 960 Ἀπολλοδώρῳ,
727 863 776 950 οἷς
793 870 938 958 προσῆκε
955 870 1013 958 τής

57 969 137 1058 ἐμής
148 963 301 1091 μητρός
281 965 552 1090 ἐπιόικύσασθριι,
569 962 651 1035 0666
667 966 795 1050 τούτοις
813 972 896 1056 ἐξήν.
927 981 1013 1040 θαυ·

55 1066 184 1157 μαστόν
201 1065 263 1157 γὰρ
281 1061 323 1136 ἂν
340 1057 403 1157 ήν,
423 1057 453 1138 εἰ
468 1064 530 1156 τήν
547 1064 629 1188 ἐμήν
645 1071 776 1188 μητέρα
780 1077 886 1158 ἔχοντι
901 1065 1014 1140 Ἀπολ-

56 1163 235 1261 λοδύρῳ
214 1197 235 1255 η
250 1163 518 1258 Ἀριστομένει’
479 1195 541 1236 ουκ
558 1161 600 1236 ἂν
611 1162 683 1238 οἰόν
700 1196 737 1237 τε
753 1157 796 1257 ήν
807 1173 874 1241 τεόν
886 1173 1015 1288 ἐκείνης

55 1276 165 1360 κυρίῳ
182 1271 356 1356 γενέσθαι,
380 1265 462 1337 κατὰ
485 1263 543 1338 τόν
560 1265 663 1356 νόμον
680 1264 715 1350 69
732 1265 796 1338 ούκ
814 1273 914 1362 ἐᾷ
867 1299 934 1340 των
956 1274 1014 1358 τής

59 1367 238 1459 ἐπικλήρου
256 1367 372 1459 κύριον
392 1366 493 1456 εἰναι,
512 1363 624 1436 ἀλλ’”
604 1396 625 1455 η
642 1395 720 1449 τους
737 1341 858 1452 παϊδός
877 1373 986 1440 έπίἰ
949 1376 986 1440 66
986 1399 1015 1442 ε-

58 1497 110 1550 τες
126 1463 318 1557 ἡβήσαντας
341 1469 345 1556 Ι
368 1484 503 1560 κρατεῖν
520 1471 586 1538 τῶν
603 1467 795 1560 χρημάτων,
820 1467 893 1540 ἀλλ’
915 1473 1015 1564 ἑτέρῳ

64 1566 165 1658 αύτήυ
189 1567 318 1639 ἐνδύντι
341 1571 465 1652 ἐξέσται
494 1576 540 1650 εἰς
565 1564 604 1638 τό
626 1567 747 1658 ταύτης
770 1569 919 1660 χρήματα
941 1569 1017 1644 υἰόν

65 1672 253 1758 εἰσποιήσαι.
308 1667 401 1740 δεινοὶ
427 1665 518 1758 μέντ’
543 1665 585 1740 ἂν
609 1677 763 1758 γίγνοιτο.
796 1674 862 1742 Ικαί
886 1677 932 1764 τῷ
954 1673 1016 1762 μὲν
1034 1683 1066 1737 13
1154 1737 1161 1746 ,

62 1772 158 1858 πατρὶ
175 1765 294 1860 αύτής,
314 1778 345 1840 εἰ
366 1777 483 1851 παῖδες
500 1768 636 1861 ἄρρενες
653 1768 698 1859 66
712 1773 875 1858 ἐγένοντο,
893 1770 956 1842 ούκ
973 1769 1015 1844 όίν

60 1873 135 1958 ἐξήυ
158 1868 243 1940 ἄνευ
265 1869 386 1959 ταύτης
410 1873 603 1941 διαθέσθαι·
624 1869 762 1960 κελεύει
790 1869 854 1961 γάρ
876 1866 894 1941 6
916 1871 1015 1962 νόμος

58 1969 124 2042 σύν
141 1969 277 2051 ταύταις
295 1969 413 2061 κύριον
438 1970 522 2040 εἰναι
547 1973 680 2058 δούναι,
698 1967 766 2063 ὅτῳ
782 1971 952 2060 βούλοιτο,
976 1971 1016 2043 τό

59 2074 198 2141 ἑαυτου·
228 2074 275 2164 τῳ
305 2072 342 2141 66
365 2069 445 2159 μήτε
468 2077 584 2159 λαβεῖν
607 2066 714 2192 αύτήν
737 2039 912 2154 ἀξιώσαντι
936 2071 1016 2162 μήτε

57 2169 195 2262 πατρί”
176 2200 263 2260 οντι,
282 2167 356 2240 ἀλλ’
375 2167 513 2264 ύνεηιιῳ,
536 2168 625 2288 παρὰ
643 2168 768 2252 πάντας
790 2171 867 2253 τούς
894 2171 1017 2261 νόμους

59 2270 268 2360 εἰσαγαγόντι
287 2279 377 2341 ἔσται
388 2279 511 2362 κυρίως
528 2273 631 2340 ταύτα
649 2257 878 2393 πεπραγμένα;
895 2276 1001 2344 καί
967 2283 1017 2355 τ

57 2369 155 2462 ύμιόν
178 2375 281 2442 ταύτα
305 2370 536 2460 πεισθήσεται;
561 2368 625 2459 ἐγω
647 2362 779 2460 μέν,
752 2399 776 2440 ω
801 2371 937 2465 όινθρες,
961 2397 1018 2446 σα·
1035 2387 1068 2441 14

57 2479 129 2561 φώς
149 2470 359 2561 ἐπίσταμαι“
339 2501 388 2542 οτι
400 2469 477 2541 ούτε
487 2478 680 2555 Ξεναίυετος
696 2469 773 2542 ούτε
790 2471 887 2555 ἄλλος
904 2471 1018 2557 06669

58 2571 251 2664 ἀνθρώπων
269 2575 333 2656 ἕξει
350 2567 562 2656 ύποὸεῖξαι’
538 2601 582 2652 ως
599 2568 640 2641 06
657 2575 714 2660 τής
733 2577 811 2692 ἐμής
824 2573 944 2672 μητρός
962 2565 1035 2646 ού·

57 2704 111 2755 τος
136 2667 292 2764 όκλήρός
316 2677 400 2762 ἐστι,
424 2702 483 2742 τον
472 2670 659 2795 ύθελφού
681 2671 768 2764 αὐτῇ
788 2678 848 2744 τού
865 2672 1018 2796 A66066·

58 2804 138 2864 ρους
156 2771 407 2856 καταλιπόντος
434 2771 492 2844 έίιν
517 2769 589 2843 6’''
568 2803 633 2864 αρα
651 2779 793 2896 τολμοῖσι
811 2776 886 2863 περὶ
906 2769 1019 2846 αύτούυ

56 2881 189 2964 λέγειν,
213 2872 317 2963 νόμον
340 2872 491 2944 κελεύετε
512 2880 564 2944 δεῖ
551 2879 614 2957 τξαι
632 2871 712 2944 καθ’
737 2870 777 2943 ὃν
799 2901 972 2974 γενενηται
995 2870 1017 2964 6

58 2982 242 3063 εἰσποίησις
262 2971 476 3068 Ἀριστάρχῳ,
501 2977 614 3044 καὶί
579 2981 629 3053 τίς
652 2968 669 3042 6
694 2959 897 3060 εἰσποιήσας·
921 2978 1018 3047 τούτο

58 3075 121 3166 γὰρ
148 3073 279 3146 δίκαιόν
303 3080 399 3146 ἐστιν.
443 3072 515 3145 ἀλλ’
540 3071 606 3144 066'
636 3069 686 3142 ὅτι
710 3069 771 3163 ούχ
796 3077 967 3156 ἕξουσινέ
966 3103 1018 3146 πι-

58 3181 174 3261 δεῖξαι.

133 3278 220 3366 Περὶ
246 3277 307 3365 μέν
329 3267 392 3346 ούν
413 3277 473 3345 τού
494 3273 552 3346 τόν
576 3276 702 3369 κλήρον,
721 3273 804 3346 εἰναι
822 3278 879 3363 τής
897 3276 1018 3366 μητρός
1037 3296 1069 3346 15

60 3381 91 3461 ἐξ
115 3374 219 3468 ἆρχής
241 3378 296 3446 καί
319 3372 443 3457 όθίκως
465 3373 570 3464 αύτήν
596 3369 662 3443 ύπό
691 3374 819 3446 τούτων
842 3373 1019 3467 ἀπεστερή-

59 3489 158 3567 σθαι,
178 3483 215 3546 ἐκ
231 3504 268 3546 τε
286 3479 353 3548 τεόν
377 3479 558 3567 εἰρημένων
575 3476 630 3545 καὶ
646 3478 947 3566 μεμαρτυρημένων
964 3479 1020 3546 καὶ

820 3593 865 3652 9,*
