2466 3914
201 223 241 284 10
609 212 742 264 12A10T
1059 211 1110 262 οι.
1130 169 1157 262 ί.

202 417 275 479 ριου
297 383 346 457 ὅτι
368 381 448 455 ούδέ
471 388 577 455 ταῦτα
600 388 739 474 ἔπραξεν
756 380 840 474 ἡμᾶς
862 384 1021 472 βλάπτειν
1038 381 1159 471 βουλό-

201 507 313 578 μενος·
336 483 591 574 τελευτήσαντος
614 483 677 576 γὰρ
695 494 834 556 Δεινίου
851 489 907 555 καὶ
924 490 991 556 των
1008 483 1159 575 πραγμύ-

202 618 269 660 των
280 583 360 678 ἡμίν
378 590 528 677 πονηροῖς
540 585 681 676 ἐχόντων
698 583 779 656 ούδέ
796 592 962 678 περιεῖδεν
980 581 1062 676 ἡμεῖς
1073 580 1156 654 οὐδ’

204 687 277 770 ἑνός
300 693 424 768 ἐνδεεῖς
447 685 561 777 ὄντας,
584 682 658 756 ἀλλ’
683 682 805 768 αύτούς
821 689 883 777 μὲν
901 695 946 769 είς
964 684 1025 775 τὴν
1047 693 1160 756 οἰκίαν
1185 763 1188 769 ,

201 788 263 879 τὴν
280 785 385 860 αύτού
395 786 609 878 κομισάμενος
622 791 792 877 ἐπαίδευε,
811 786 872 876 την
890 786 927 858 δ’·
941 785 1060 859 ούσίοιν
1075 783 1160 877 ἀφε-

202 895 319 962 λέσθαι
342 893 409 959 τοῖν
430 887 581 977 χρήστων
599 888 907 976 ἐπιβουλευσάντων
925 897 1047 959 ἔσωσεν
1064 883 1159 977 ἡμῖν,

203 989 388 1081 ἐπεμελεῑτό
398 1017 434 1059 τε
450 985 568 1079 ὁμοίως
586 993 653 1059 τοῖν
670 985 836 1080 ἡμετέρων
847 987 958 1080 οῖσπερ
974 993 1041 1060 ταῖν
1053 983 1162 1059 αύτού

152 1106 183 1156 13
200 1089 408 1183 πραγμύτων.
442 1098 549 1160 καίτοι
562 1088 627 1184 χρὴ
644 1102 788 1181 θεωρεῖν
806 1087 912 1161 αύτού
927 1088 988 1178 τὴν
1006 1089 1161 1161 διάνοιαν

202 1193 242 1262 ἐκ
258 1191 386 1262 τούτων
408 1195 475 1261 τοῖν
498 1198 604 1282 ἔργων
632 1194 756 1279 μᾶλλον
777 1186 799 1280 ἢ
824 1195 860 1261 ἐκ
881 1195 948 1262 τοῖν
972 1195 1159 1280 διαθηκοῖυ,

199 1296 257 1363 καὶ
274 1301 460 1383 τεκμηρίοις
482 1295 624 1382 χρῆσθαι
641 1289 686 1381 μη
703 1308 770 1372 τοίς
788 1289 860 1382 μετ’
882 1289 982 1383 ὀργῆς
999 1304 1160 1383 πραχθεῖ-

202 1416 272 1480 σιν,
304 1397 340 1464 ἐν
367 1389 462 1474 οἷς”
439 1419 581 1473 απαντες
610 1391 806 1482 πεφύκαμεν
834 1389 1050 1512 ἁμαρτάνειν,
1080 1389 1158 1462 ἀλλ”

202 1492 262 1584 ἀφ’
283 1485 331 1564 (δν
347 1492 488 1585 ὕστερον
505 1490 656 1584 φανερόν
677 1490 740 1582 τὴν
750 1489 860 1564 αύτου
849 1493 1030 1565 διάνοιαν
1048 1497 1159 1582 ἐποι’-η

203 1619 269 1666 σεν
312 1602 359 1665 ἐτι
381 1592 444 1718 γρὶρ
467 1596 636 1714 μᾶλλον’
620 1622 655 1664 εν
677 1611 745 1675 τοῖς
768 1603 965 1676 τελευταίοις
992 1594 1161 1684 ἐδήλωσεν
1222 1603 1223 1606 ’

152 1692 245 1776 11οῖς
270 1696 335 1785 εἶχε
358 1694 439 1781 πρός
461 1691 553 1785 ἡμᾶς.
600 1692 666 1784 ἤδη
688 1692 751 1786 γὰρ
773 1692 928 1767 ἀσθενεῖν
950 1695 1074 1784 ταύτην
1096 1693 1161 1783 τὴν
1222 1779 1223 1784 ¹

200 1795 301 1867 νόσον
326 1800 357 1879 ἐξ
380 1786 419 1884 ἧς
443 1795 667 1884 ἐτελεύτησεν,
688 1795 854 1885 ἐβουλήθη
871 1795 994 1878 τούτοις
1011 1793 1068 1878 τὰς
1088 1803 1159 1866 δια·

92 1923 105 1942 ·
201 1896 308 1986 θήκας
328 1895 461 1969 ἀνελεῖν
478 1899 534 1967 καὶ
552 1899 728 1987 προσέταξε
738 1904 956 1990 Ποσειδίππῳ
973 1894 1034 1986 τὴν
1052 1893 1157 1987 ἀρχὴν

202 2006 399 2088 είσαγαγείυ.
435 1994 453 2068 ό
472 1999 510 2068 δέ
527 1993 567 2068 ού
584 1996 687 2088 μόνον
704 1994 767 2068 οάκ
785 1997 976 2087 εἰσήγαγεν,
997 1995 1084 2067 ἀλλά
1102 2002 1160 2067 καὶ

201 2097 262 2174 τόν,
284 2099 427 2171 ἐλθόντα
449 2103 517 2169 τοῖν
540 2095 710 2189 ἀρχόντων
735 2102 787 2168 ἐπὶ
805 2095 867 2187 τὴν
883 2098 997 2189 θύραν
1014 2095 1160 2188 ἀπέπεμ-

201 2216 273 2283 μευ.
314 2198 482 2290 ὀργισθεὶς
513 2201 550 2270 δὲ
571 2198 676 2292 τούτῳ
699 2199 898 2290 Κλεώνυμος
920 2199 1019 2270 πόλιν
1042 2203 1074 2280 ἐς
1097 2198 1161 2287 τὴν

201 2296 380 2391 ὑστεραίαν
397 2310 535 2371 Διοκλεί
549 2304 684 2371 καλέσαι
701 2298 777 2380 τούς
795 2298 954 2391 ἀρχουτας
965 2303 1158 2392 προσέταξε

201 2403 256 2470 καὶ
269 2398 330 2490 ούχ
343 2398 447 2481 οὕτως
465 2398 616 2481 ἀσθενεῖς
630 2406 850 2490 διακείμενος,
868 2397 942 2471 ἀλλ’
962 2409 1009 2471 ἐτι
1026 2405 1161 2472 πολλοῖυ

201 2498 312 2572 ούσοῖν
324 2505 468 2571 ἐλπίδων
479 2505 631 2588 ἐξαπίνης
642 2504 700 2587 τῆς
712 2498 830 2582 νυκτός
841 2501 961 2591 ταύτης
978 2498 1159 2572 ἀπέθανευ.

152 2633 183 2684 15
275 2605 417 2692 Προῖτον
444 2601 506 2691 μὲν
528 2591 591 2671 ούν
613 2597 694 2690 ύμῖν
723 2605 901 2692 παρέξομαι
923 2601 1089 2694 μάρτυρας
1114 2599 1161 2684 οῖς
1220 2603 1221 2616 ’

201 2698 262 2791 ούχ
286 2697 365 2792 ἡμῖν
390 2705 537 2790 ἐγκαλεῖν
560 2697 642 2771 ἀλλά
659 2711 778 2794 Δεινίᾳ
796 2707 947 2793 πολεμεῖν
964 2701 1161 2798 ταύταςτὰς
1220 2667 1221 2747 δ

202 2802 366 2891 διαθήκας
385 2806 532 2890 διέθετο,
556 2809 668 2873 ἔπειτα
691 2798 735 2884 οῖς
753 2807 881 2875 ἐκείνου
903 2803 1161 2893 τελευτήσαντος

202 2903 389 2993 ἐπεμελεῐτό
412 2932 447 2974 τε
469 2908 536 2974 ταῖν
564 2899 731 2994 ἡμετέρων
755 2900 926 2996 ἁπάντων,
956 2908 1011 2976 καλ
1036 2901 1161 2986 αύτούς

202 3007 377 3076 ἐπαίδευεν
408 3012 454 3085 είς
482 3002 543 3094 τὴν
570 3011 679 3074 οἰκίαν
707 3003 768 3093 τὴν
797 3001 901 3076 αύτού
930 3005 1159 3096 κομιούμενος,
1219 3053 1220 3064 1

200 3103 281 3196 πρὸς
310 3108 348 3176 δὲ
376 3105 502 3186 τούτοις
531 3099 574 3186 οῖς
598 3111 827 3176 Ποσείδιππον
850 3113 995 3196 ἐπεμψεν
1025 3110 1077 3176 ἐπὶ
1100 3104 1162 3177 τόν
1219 3075 1220 3155 δ

200 3201 403 3296 ἀστυνόμον,
432 3196 527 3287 ούτος
556 3203 587 3275 δ’
619 3203 660 3277 ού
688 3205 791 3295 μόνον
821 3203 919 3288 κύτος
948 3205 1009 3277 ούκ
1035 3207 1161 3278 είσεκά-

200 3312 312 3395 λεσεν,
337 3302 419 3376 ἀλλά
442 3310 498 3377 καὶ
522 3306 663 3378 ἐλθόντα
680 3303 787 3376 ἐπὶ
750 3335 812 3394 τηυ
828 3305 940 3397 θύραν
954 3305 1219 3400 Ἀρχωυίδηυ

56 3415 61 3425 ’
151 3421 183 3472 16
201 3402 401 3497 ἀπέτεμυεύ.
444 3403 499 3489 Ὡς
528 3397 589 3479 ούν
618 3403 729 3495 ἀληθη
758 3410 860 3496 λέγω,
889 3408 980 3479 κάλει
1003 3439 1057 3498 μοι
1080 3407 1161 3490 τούς

136 3535 376 3598 μαθῑυδας
