2460 3918
74 263 96 312 1.
112 245 148 296 τε.
262 243 351 298 ποετ
368 243 444 296 του
461 243 624 296 muoz
640 243 804 299 ΚΛΗεοε.
950 251 1010 314 111

138 410 187 504 Οό
213 421 327 486 τοίνυν
355 417 392 485 ἐκ
419 413 540 487 τούτου
561 414 680 505 μόνον,
708 412 792 485 ἄλλά
814 418 869 485 καὶ
893 419 929 485 ἐκ
951 419 1013 487 τοῦ
1027 436 1062 489 32

72 517 138 606 περὶ
154 518 208 602 τῆς
231 513 403 596 κακώσεως
426 514 529 605 νόμον
554 515 655 604 δῆλόν
679 520 777 588 ἐστιν.
821 522 852 585 εἰ
871 514 934 605 γάρ
957 524 1011 607 ἔζη

71 617 124 704 μὲν
139 611 156 685 ό
172 614 318 707 πάππος,
338 613 452 704 ἐνδεὴς
471 617 508 688 δέ
525 606 567 704 ἦν
578 619 646 687 τών
659 620 870 705 ἐπιτηδείων,
889 613 951 686 οὐκ
968 613 1010 688 διν

71 706 155 796 οὗτος
170 712 329 798 ὑπόδικος
345 706 388 805 ἦν
398 720 456 805 τῆς
467 715 643 798 κακώσεως
660 713 733 787 ἄλλ’
752 711 854 807 ἡμεῖς.
882 716 1010 787 κελεύει
1027 773 1029 780 .

71 814 123 904 γάρ
144 819 278 906 τρέφειυ
298 814 376 898 τούς
397 819 528 906 γονέας·
551 833 661 906 γονεῖς
684 814 716 888 δ’
741 819 804 887 είσὶ
827 815 932 907 μήτηρ
955 819 1011 886 καὶ

70 913 164 1006 πατὴρ
186 920 242 987 καὶ
264 916 396 999 πάππος
418 921 474 988 καὶ
495 916 583 1006 τήθη
605 921 660 988 καὶ
682 914 809 988 τούτων
832 916 1011 1008 μήτηρκαὶ

70 1015 179 1107 πατήρ,
205 1016 263 1088 ἐάν
286 1026 332 1088 ἐτι
354 1021 466 1102 ζώσιυ·
492 1022 610 1088 ἐκεῖνοι
632 1016 695 1110 γάρ
717 1015 800 1109 άρχὴ
816 1021 1013 1106 τοῦγένους

71 1124 139 1206 εἰσί,
157 1121 211 1188 καλ
228 1116 269 1188 τά
287 1123 424 1190 ἐκείνων
441 1124 660 1209 παραδίδοται
675 1135 744 1200 τοῖς
763 1118 924 1207 ἐκγόνοις·
944 1118 1011 1189 διό·

70 1244 121 1306 περ
142 1214 268 1307 άνάγκη
291 1222 425 1310 τρέφειν
452 1215 574 1300 αὐτούς
598 1222 682 1308 ἐστι,
706 1215 769 1290 κάν
786 1219 891 1308 μηδὲν
914 1248 1010 1289 κατα·

70 1326 183 1388 λίπωσι.
225 1322 296 1401 πώς
318 1309 380 1390 οὖν
404 1317 534 1392 δίκαιόν
552 1323 656 1409 ἐστιν,
680 1317 738 1390 ἐάν
754 1320 815 1409 μὲν
832 1319 937 1409 μηδέν
954 1349 1011 1389 κα-

71 1425 253 1508 ταλίπωσιν,
278 1416 362 1510 ἡμᾶς
384 1416 565 1501 ὑποδίκους
583 1420 669 1492 εἶναι
686 1424 743 1508 τῆς
761 1418 949 1508 κακώσεως,
968 1414 1011 1508 ἢν

72 1516 106 1606 μὴ
126 1523 328 1610 τρέφωμεν,
344 1527 375 1590 εί
396 1523 438 1590 δέ
460 1549 491 1590 τι
514 1529 783 1609 καταλελοίπασι,
806 1517 899 1592 τόνδ’
925 1520 1009 1591 εἶναι

72 1619 262 1710 κληρονόμον
279 1618 362 1691 ἄλλά
378 1619 422 1711 μὴ
439 1617 540 1710 ἡμάςς
557 1618 712 1711 οὐδαμοῖς
730 1620 909 1711 δήπουθεν.

130 1719 219 1811 Πρός
237 1725 297 1792 ἕνα
315 1723 352 1792 δέ
368 1720 429 1792 τόν
438 1726 569 1813 πρώτου
577 1727 645 1792 τών
656 1725 829 1811 συγγενῶν
846 1720 1008 1812 προσάξω,
1028 1747 1061 1800 33

72 1822 115 1887 καὶ
136 1826 196 1892 τοῦ
214 1824 334 1910 γένους
357 1819 438 1893 καθ’
456 1826 592 1894 ἕκαστον
613 1818 699 1911 ὑμᾶς
717 1820 883 1913 ἐρωτήσω·
907 1825 1011 1912 ῥᾷστα

71 1917 121 2009 γάρ
136 1917 221 1992 οὗτοι
239 1919 371 2012 μάθοιτ’
391 1921 441 1992 άυ.
477 1931 628 2013 Κίρωυος
656 1921 794 2012 πότερον
814 1919 966 2011 θυγάτηρ
989 1916 1010 2008 ἢ

71 2015 198 2110 άδελφός
223 2025 386 2114 ἐγγυτέρω
409 2025 470 2092 τοῦ
491 2027 608 2111 γε’νους
633 2025 704 2092 ἐστί
709 2056 718 2108 3
750 2014 851 2110 δῆλον
874 2019 937 2111 γάρ
959 2017 1010 2090 ότι

71 2121 222 2215 δυγάτηρ·
246 2118 267 2212 ἡ
289 2123 350 2212 μὲν
371 2121 434 2213 γάρ
459 2126 491 2206 ἐξ
510 2126 638 2194 ἐκείνου
659 2125 811 2211 γέγονεν,
835 2117 853 2191 ό
878 2122 915 2191 δὲ
938 2118 1008 2210 μετ’

72 2221 194 2292 ἐκείνου.
231 2221 400 2315 θυγατρός
418 2223 456 2293 δέ
473 2229 589 2304 παῖδες
606 2217 628 2311 ἢ
645 2219 806 2312 άδελφός;
824 2227 940 2301 παῖδες
953 2218 1010 2309 δή·

71 2333 200 2393 πουδευ·
224 2326 320 2412 γένος
342 2321 406 2414 γάρ
423 2320 497 2393 ἀλλ’
516 2320 589 2413 οόχδ
607 2325 784 2412 συγγένεια
800 2319 891 2392 τοῦτ’
912 2325 1009 2390 ἐστίν.

71 2427 96 2487 εί
115 2421 153 2510 δὴ
174 2427 356 2516 προέχομεν
378 2420 530 2513 άδελφοό
544 2427 717 2512 τοσοῦτον,
741 2413 844 2512 ἦπου
860 2424 962 2492 τουδί
975 2417 1009 2510 γ’

69 2514 150 2603 ὄντος
167 2521 353 2614 ἀδελφιδοῦ
375 2522 703 2615 πάμπολυπρότεροί
724 2527 830 2614 ἐσμεν.
865 2525 1011 2594 Δέδοικα
1028 2533 1062 2586 34

71 2620 101 2687 δέ
115 2621 157 2711 μὴ
175 2633 250 2694 λίαν
266 2620 515 2714 ὁμολογούμενα
524 2626 631 2712 λέγων
649 2629 795 2714 ἐνοχλεῖν
811 2619 892 2713 όμῖν
911 2620 1009 2703 δόξω·

69 2719 177 2807 πάντες
193 2721 257 2816 γάρ
273 2720 368 2814 ὑμεῖς
385 2728 452 2795 τών
469 2721 648 2818 πατρῴων,
665 2730 733 2796 τών
743 2722 926 2816 παππῴαν,
944 2725 1011 2790 τών

69 2824 109 2888 ἔτι
129 2826 307 2917 περαιτέρω
331 2834 563 2916 κληρονομεῖτε
587 2829 623 2895 ἐκ
639 2829 756 2914 γόνους
774 2819 1011 2914 παρειληφότες

68 2917 121 3007 τὴν
137 2922 323 3015 ἀγχιστείαν
339 2923 549 3015 ἀνεπίδικον,
573 2929 634 2996 καὶ
651 2923 714 2996 οόκ
731 2921 809 3005 οἶδ’,
819 2933 851 2992 εί
864 2949 929 2991 τινι
947 2919 1010 3011 πρό

68 3025 121 3090 τοι]
146 3025 276 3098 πώποτε
302 3029 449 3108 τοιοῦτος
471 3024 562 3115 άγεδν
589 3028 804 3149 συμβέβηκεν.
845 3018 1011 3110 όναγυοῦς

68 3110 124 3192 οὖν
139 3123 195 3199 τόν
211 3131 268 3224 τῇς
286 3126 459 3208 κακώσεως
475 3127 594 3216 νόμον,
614 3153 662 3196 ων
680 3129 777 3196 ἕνεκα
787 3125 891 3194 ταῦτα
902 3132 1011 3212 γίγνε-

67 3247 130 3319 Tm,
148 3231 202 3299 καὶ
218 3225 313 3299 ταῦτ’
331 3225 396 3317 ἤδη
414 3227 609 3318 πειράσομαι
627 3225 805 3302 διδάσκειν.

468 3391 606 3443 ΝΟΜΟΣ.

135 3539 247 3626 Ιίίρων
269 3527 332 3623 γάρ
358 3533 507 3620 ἐκέκτητο
533 3527 672 3621 οὐσίαν,
702 3521 886 3618 ω’άυδρες,
910 3522 1012 3618 άγρόι·
1029 3541 1060 3560 “·
1101 3529 1105 3539 “
