2466 3914
216 243 258 304 56
627 231 756 283 ΙΣΑΙΟΤ
1080 229 1135 279 On.
1157 230 1186 281 4.
1228 261 1230 300 6

214 437 272 478 τον
289 409 349 496 μὲν
366 402 422 486 τάς
441 401 601 492 διαθήκας
618 418 771 490 σκοπεῖν,
796 409 826 470 εἰ
843 403 979 470 δοκοῦσι
1001 401 1185 489 γενέσθω·

214 511 310 578 τοῦτο
327 504 389 596 γάρ
406 510 491 574 οἵτε
507 501 601 592 νόμοι
619 506 785 572 αἰτοῦνται
804 503 858 570 καὶ
873 498 1082 571 δικαιότατόν
1102 503 1184 568 ἐστι.

162 621 196 673 2³
212 605 257 696 μή
275 609 387 695 σαφοῐς
402 606 438 674 δὲ
454 601 529 692 μήτ’
548 599 668 683 αῦτοῦς
685 600 746 690 τήν
757 599 917 689 ἀλήθειαν
937 599 1080 689 εἰδότας,
1098 598 1183 690 μήτε

212 710 280 777 νῦν
297 703 472 796 μαρτύρων
493 708 553 772 τοῦ
569 699 820 790 τελευτήσαντος
845 704 1041 788 ἐπιτηδείων
1057 698 1181 787 όυτωκ,

214 803 297 876 άλλά
314 802 482 895 Χαριάδυυ
504 806 565 873 τοῦ
581 799 753 894 τάλλότρια
769 803 974 890 βουλομένου
992 809 1133 890 λαβεῖν,
1151 809 1187 868 τί

212 902 257 977 άυ
280 915 330 993 εἴη
354 900 557 992 δικαιότερον
578 898 600 991 ἢ
621 918 689 984 τοῖς
715 903 889 990 συγγενέσι
912 899 953 971 τά
975 905 1038 972 τοῦ
1060 922 1184 988 συγγε-

213 1008 294 1084 νοῦς
316 1011 532 1092 ψηφίζεσθαι;
556 1006 611 1072 καὶ
629 1001 691 1093 γάρ
710 1013 743 1072 εἴ
756 1030 784 1071 τι
803 1007 875 1072 οἶδε
893 1006 1040 1090 ἔπαθον,
1063 997 1182 1070 οῦδενλ

214 1101 256 1174 άν
273 1101 360 1196 άλλφ
378 1099 398 1190 ἢ
416 1101 629 1195 Νικοστράτῳ
646 1101 685 1171 τά
701 1100 828 1172 τούτων
846 1103 990 1188 ἐγένετο·
1016 1098 1100 1171 κατά
1119 1099 1183 1190 γάρ

214 1201 250 1274 τδ
268 1199 350 1273 αῦτδ
372 1207 467 1291 γένος
485 1198 526 1273 ἂν
544 1199 757 1292 ἠμφισβήτει,
780 1197 914 1285 άυεφιός
937 1197 986 1272 τόν
1010 1198 1128 1284 αῦτοῑς
1150 1205 1183 1272 έκ

161 1326 197 1376 u
213 1305 460 1394 πατραδέλφων.
489 1300 550 1374 Μά
567 1299 624 1372 A?
643 1299 714 1371 ἄλλ’
733 1298 795 1372 οῦκ
813 1308 903 1372 ἔστιν
919 1298 1083 1390 δ”Αγνωυ
1101 1300 1180 1374 οὐδ’

213 1398 419 1491 δἈγνόθεος
436 1405 497 1472 τοῦ
512 1401 739 1493 Νικοστράτου
757 1418 945 1492 συγγενεῖς,
971 1397 1016 1485 τός
1038 1407 1075 1474 οί
1089 1399 1180 1474 άντί-

215 1508 304 1572 διιωί
326 1524 444 1591 φασιν,
470 1499 543 1572 άλλ’
572 1506 683 1593 ἕτεροι.
728 1509 839 1572 ἔπειτα
863 1506 912 1596 τςῦ
936 1505 999 1592 μὲν
1016 1502 1102 1574 κατὰ
1122 1503 1181 1591 τήν

215 1601 309 1672 δόσιν
340 1605 401 1672 τοῦ
430 1601 553 1694 κλήρου
583 1601 715 1692 λαχόντι
739 1607 980 1694 μαρτυροῦσιν,
1018 1601 1117 1675 αὐτοὶ
1145 1606 1180 1674 δὲ

214 1699 295 1770 κατά
324 1699 361 1770 τό
386 1704 480 1823 γένος
506 1699 568 1773 οῦκ
593 1699 914 1793 άμφισβήτήσουσιν;
938 1705 943 1794 Ι
965 1700 1007 1775 οῦ
1038 1702 1106 1795 γάρ
1134 1711 1180 1784 εἰς

171 1875 173 1878 ,
212 1798 310 1871 τοῦτό
324 1829 363 1890 γε
380 1799 493 1883 άνοίας
509 1799 647 1889 ἥκουσιν
664 1800 748 1873 ὥστε
764 1803 998 1886 πιστεύσαντες
1016 1821 1089 1888 ταῖς
1111 1810 1179 1874 δια·

150 1937 154 1946 ·
212 1899 332 1988 θήκαις
349 1899 435 1971 οὕτω
453 1907 575 2023 ραδίρις
592 1926 759 1973 τοσουτων
776 1904 950 1995 χρημάτων
968 1903 1177 1996 άφίσταυται.

214 1996 296 2068 άλλά
312 1999 377 2089 μήν
395 2004 448 2071 καλ
467 1991 544 2084 ἐξ
517 2030 565 2071 ων
582 1993 735 2073 αῦτολ
692 2032 783 2074 ουτοι
800 2009 950 2095 λέγουσι,
967 2005 1092 2078 τοῦσδε
1111 2021 1178 2087 τοῖς
1228 1985 1229 2060 6

214 2104 408 2187 συγγενέσιν
434 2098 545 2184 αῦτοῖς
571 2101 824 2174 ἐπιδικάσασθαι
849 2109 1076 2197 συμφέρει
1027 2135 1098 2176 των
1117 2117 1176 2178 Νι·
1227 2097 1228 2175 6

161 2213 197 2266 25
214 2198 392 2290 κοστράτου
418 2197 587 2290 pamm*
566 2231 587 2290 η
612 2201 791 2293 Χαριάδην.
838 2211 885 2286 εἰς
902 2202 965 2297 γάρ
982 2203 1042 2276 τόν
1060 2204 1176 2276 λοιπδν
1226 2243 1227 2293 6

213 2296 349 2416 χρόνον,
376 2306 406 2368 εἰ
429 2302 490 2388 μὲν
515 2307 587 2372 οἵδε
610 2300 691 2372 κατά
715 2300 752 2372 τό
778 2307 872 2392 γένος
889 2301 1176 2430 άμφισβητρῦντες
1225 2357 1226 2410 ,

213 2392 372 2481 λήψονται
396 2396 455 2468 τόν
480 2403 619 2522 κλήρρν,
653 2405 772 2485 ἐξέσται
800 2407 855 2473 καλ
879 2404 1025 2494 τοῦτοις,
1051 2401 1176 2478 ὁπόταν
1224 2465 1225 2525 ρ

214 2493 414 2617 βμῦλωνται,
441 2496 522 2568 κατά
546 2497 582 2569 τό
607 2504 701 2587 γένος
725 2507 883 2592 λαχοῦσιν
909 2503 1117 2588 ἐπιδεῖξαιτ
1096 2523 1176 2635 ρμιν

215 2589 259 2673 ῦς
284 2591 377 2664 αῦτολ
398 2590 613 2716 ἐγγυτέρω
591 2623 676 2687 ησαν
699 2606 759 2672 τοῦ
785 2602 1029 2696 Νικοστράτου,
1058 2610 1114 2676 καὶ
1134 2602 1175 2686 ὥς
1223 2583 1224 2642 6

214 2701 363 2813 Σμίκρου
389 2685 431 2782 ήν
457 2699 511 2766 καὶ
537 2694 577 2766 οῦ
604 2700 836 2791 Θρασυμάχου
865 2702 921 2776 ἐάν
948 2706 986 2775 δὲ
1004 2706 1174 2797 Χαριάδης
1222 2685 1223 2758 6

216 2788 325 2863 αὐτόν
350 2795 594 2887 κληρονομήσχ,
620 2796 681 2870 οῦκ
707 2808 794 2872 ἔσται
812 2801 927 2875 οῦδενλ
945 2824 1109 2894 συγγενεῖ
1125 2808 1172 2876 ἐπὶ
1221 2815 1222 2876 6

215 2889 255 2960 τά
272 2895 498 2986 Νικοστράτου
517 2902 637 2970 ἐλθεῖν.
672 2900 753 2972 κατά
772 2902 922 2974 δόσιν
882 2934 945 2996 γαρ
965 2912 1099 2995 ἔχοντος
1117 2909 1173 2978 τοῦ
1220 2911 1221 2992 6

216 2994 523 3086 ἐπιδεδικασμένου,
549 3008 584 3068 τί
606 3006 790 3089 φανοῦνται
814 3007 964 3093 λέγοντες
989 3011 1026 3076 ολ
1040 3005 1124 3078 κατά
1139 3003 1170 3077 τό

214 3093 309 3176 γένος
326 3095 556 3184 λαγχάνοντεςς

162 3207 198 3260 κο
283 3186 425 3281 ΗΟπερ
405 3223 447 3264 αν
472 3188 536 3268 οῦν
554 3198 646 3270 καλ
627 3205 721 3292 υμιῦν
739 3207 871 3287 ἕκαστος
888 3202 1058 3296 άξιιόσειε,
1078 3213 1169 3280 τοῦτο

86 3303 89 3310 ’
214 3290 270 3357 καλ
286 3297 429 3362 τουτοισὶ
446 3314 513 3378 τοῖς
530 3296 713 3383 νεανίσκοις
727 3305 939 3393 βεβαιάσατε.
970 3312 1170 3399 παρέσχοντο

215 3383 249 3457 δ’
273 3384 353 3478 ὑμῖν
376 3391 542 3487 μάρτυρας
564 3406 694 3492 πρῶτον
717 3403 828 3492 μέν’
805 3434 848 3488 ως
871 3403 1007 3490 άνεψιοί
1029 3417 1115 3480 εἰσιν
1138 3412 1170 3477 έκ

212 3493 453 3582 πατραδέλφων
475 3500 718 3594 Νικοστράτου,
749 3512 859 3576 ἔπειτα
883 3503 969 3575 δὲ’
945 3535 990 3588 ως
1024 3505 1167 3580 οῦδεπά
