2460 3918
74 203 129 257 Οε.
143 203 183 257 12.
383 205 487 257 TIIEP
503 203 727 257 ΕΤΦΙΛΗΤΟΤ
970 215 1030 275 151

74 377 131 446 καί
149 376 217 446 τάν
234 379 407 463 συγγενῶν
417 369 573 446 ἀπάντων
588 373 749 464 ἀκηκόατε
764 365 1030 469 μαρτύρούυτων.

73 479 246 559 σκέψασθε
264 476 302 545 δὲ
319 479 450 567 πρῶτον
466 473 524 546 τὸν
540 481 666 568 πατέρα
681 473 791 567 ἡμῶν,
810 486 900 560 τίνος
917 483 1033 551 ἕνεκεν

73 571 117 646 ἀν
143 576 299 660 δεύδοιτο
317 579 372 646 καὶ
388 579 506 647 τούτου
522 574 567 666 μὴ
584 575 664 648 ὄντα
681 573 785 648 αύτού
800 576 876 649 υίόυ
894 587 1032 651 είσεποι-

74 693 152 746 εῑτο.
187 675 313 758 πάντας
339 674 402 768 γάρ
429 672 584 768 εύρήσετε
609 676 686 760 τούς
711 675 751 748 τά
781 684 916 750 τοιαῦτα
933 680 1066 772 πράου

71 805 191 859 τοντας
216 773 238 866 ἢ
263 774 325 848 ούιι
349 775 456 849 ὄντων
481 775 593 860 αύτοίς
618 786 765 867 γνησίων
790 787 921 852 παίδων
937 775 958 869 ἢ
977 779 1032 851 διά

73 886 198 950 πενίαν
220 875 503 968 ἀναγκαζομένους
534 882 648 964 ξένους
678 875 878 970 ἀνθρώπους
909 889 1031 952 είοποι·

74 991 205 1069 εϊσθαι,
229 975 318 1060 ὅπως
345 976 540 1068 ὠφελῶνταί
562 1008 593 1051 τι
615 976 672 1049 ἀπ’
700 976 810 1051 αύτοῐν
837 977 882 1052 δι’
909 977 1032 1064 αύτούς

68 1076 262 1168 Ἀθηναίων
286 1078 480 1168 γεγονότων.
523 1084 571 1174 τῷ
585 1089 701 1151 τοίνυν
717 1084 815 1170 πατρὶ
831 1079 960 1153 τούτων
976 1079 1032 1154 ού·

76 1183 213 1272 δέτερον
237 1176 394 1272 ύπάρχει·
421 1179 551 1269 γνήσιοι
576 1182 638 1270 μὲν
663 1179 726 1271 γάρ
750 1177 842 1275 αύτῷ
855 1177 951 1272 ἡμεῖς
970 1182 1031 1254 δύο

73 1287 163 1364 υίεῑς
181 1285 295 1372 ἐσμεν,
315 1277 399 1351 ὥστε
415 1277 477 1351 ούιι
493 1279 537 1352 ἀν
544 1309 583 1370 με
602 1277 648 1351 δι’
668 1284 804 1371 ἐρημίαν
813 1286 932 1354 τούτου
950 1291 1032 1353 είοε·

43 1437 46 1444 .
75 1394 212 1453 τοίεῖτο.
256 1378 339 1452 ἀλλά
355 1379 421 1471 μὴν
438 1367 519 1452 ύύδὲ
535 1385 659 1474 τροφῆς
676 1409 711 1451 τε
728 1385 783 1453 καὶ
803 1379 958 1474 εὐπορίας
973 1388 1031 1472 τῆς
1048 1405 1066 1458 3

77 1481 169 1573 παρά
184 1482 303 1554 τούτου
322 1480 493 1572 δεόμενος·
521 1489 588 1553 ἔστι
613 1481 677 1572 γάρ
703 1479 794 1576 αύτῷ
818 1491 889 1571 βίος
907 1483 1030 1574 ίιιανύς,

80 1585 133 1653 καὶ
153 1587 251 1675 χωρὶς
267 1580 387 1654 τούτου
412 1583 655 1675 μεμαρτύρηται
672 1579 754 1672 ύμῖν
771 1587 887 1655 τούτου
906 1589 941 1654 ἐκ
958 1612 1031 1654 παι-

84 1689 156 1754 δίου
173 1687 304 1776 τρέφων
321 1685 377 1754 καί
393 1679 506 1755 ἀσκεῖν
516 1685 577 1754 4παλ
604 1692 651 1766 είς
667 1683 744 1765 τούς
761 1683 927 1775 φράτορας
945 1685 1032 1755 είσά·

79 1813 165 1874 μων,
192 1788 247 1855 καί
272 1788 375 1857 ταύτα
400 1780 441 1855 ού
457 1783 557 1876 μικρά
574 1783 789 1872 δαπανήματά
815 1789 912 1854 ἐστιν.
948 1781 1032 1855 ὥστε

75 1884 136 1956 τόν
162 1913 200 1975 γε
225 1889 349 1976 πατέρα
373 1881 467 1976 ἡμῶν
482 1881 545 1955 ούιι
562 1884 649 1967 Ιείιιύς
667 1888 770 1971 ἐστιν,
798 1874 825 1953 ά
846 1881 966 1975 άνδρες
984 1890 1033 1955 δι·

76 1995 211 2075 κασταί,
237 1987 343 2076 μηδὲν
369 1981 603 2076 ὠφελούμενον
623 1981 729 2065 οὕτως
745 1980 851 2078 ἀδίιιφ
868 1983 1034 2075 πράγματι

76 2090 290 2178 ἐπιχειρῆσαι.
334 2081 418 2156 ἀλλά
444 2084 510 2176 μην
534 2081 614 2157 οὐδ’
643 2089 701 2175 ἐμέ
710 2113 753 2172 ’γε
770 2080 884 2166 ούδεὶς
900 2082 1068 2176 ἀνθρώ-4

74 2214 153 2258 πων
169 2184 256 2259 οὕτω
281 2188 399 2268 τελέως
416 2181 459 2259 άν
475 2184 605 2278 ἄφρονα
620 2182 799 2274 ὑπολάβοι,
826 2183 910 2256 ὥστε
926 2184 1032 2280 τούτῳ

74 2305 258 2379 μαρτυρεῖν
274 2285 316 2357 τά
332 2291 457 2376 ψευδῆ,
481 2283 570 2368 ὅπως
586 2284 627 2357 τά
644 2289 780 2380 πατρῷα
798 2284 853 2356 διά
870 2283 1033 2357 πλειόνων

76 2394 306 2479 διανείμωμαι.
350 2391 405 2459 καὶ
430 2385 493 2479 γάρ
511 2383 585 2457 οὐδ’
603 2383 853 2477 ἀμφισβητῆσαί
871 2416 926 2477 μοι
945 2390 1033 2470 έξου-

74 2498 133 2559 σία
149 2485 272 2578 γένοιτ’
299 2482 342 2560 ἀν
358 2485 498 2580 ὕστερον
524 2483 569 2569 ὥς
586 2483 648 2558 ούκ
666 2494 755 2558 ἔστιν
777 2483 919 2578 ἀδελφὸς
936 2479 1032 2570 ούτος

75 2590 172 2680 έμού·
191 2586 304 2670 ούδεὶς
321 2587 384 2679 γάρ
397 2584 440 2659 ἀν
450 2584 546 2677 ύμων
562 2585 623 2676 τὴν
641 2585 721 2678 ἐμὴν
732 2585 850 2679 φωνην
862 2584 1028 2678 ἀνάσχοιτ’

73 2686 117 2761 ἀν
144 2687 294 2779 ἀκούων,
323 2697 354 2760 εί
379 2693 442 2760 νῦν
458 2690 519 2779 μὲν
535 2685 697 2760 ύπόδιιιον
716 2685 856 2779 έμαυτδν
872 2685 1032 2769 καθιστάς

72 2795 233 2883 μαρτυρῶ
264 2787 308 2872 οἷς
334 2797 423 2862 ἔστιν
441 2786 597 2879 ἀδελφὸς
622 2785 793 2879 ἡμέτερος,
825 2785 966 2879 ύοτερον
994 2788 1032 2857 δὲ

72 2900 257 2982 φαινοίμην
273 2890 401 2972 τούτοις
418 2887 606 2980 ἀντιλέγων.
627 2887 667 2959 ού
685 2888 790 2978 μόνον
804 2895 921 2960 τοίνυν
934 2883 1030 2978 ἡμᾶς,
1048 2919 1066 2972 5

73 2983 102 3063 τύ
128 2989 249 3082 ἀνδρες
276 2998 444 3080 δικασταί,
471 2989 558 3072 είκδς
584 2995 651 3060 ἐστι
676 2985 806 3076 τάληθῆ
827 3017 1032 3081 μεμαρτυρη·
1145 3013 1148 3020 ’

72 3096 185 3181 κέναι,
204 3088 287 3162 ἀλλά
304 3095 358 3160 ιιαλ
375 3089 452 3172 τούς
469 3089 588 3173 ἀλλους
599 3105 780 3177 ουγμενελς.
818 3089 1032 3179 ἐνθυμήθητε

72 3191 136 3284 γάρ
164 3197 296 3284 πρῶτον
321 3193 382 3282 μὲν
409 3188 459 3262 ὅτι
484 3198 518 3261 οί
540 3188 597 3271 τάς
623 3185 769 3278 ἀδελφάς
792 3183 885 3280 ἡμῶν
903 3196 1031 3280 ἔχοντες

72 3289 138 3364 ούιι
161 3291 204 3364 άν
227 3320 306 3364 ποτε
325 3291 530 3383 ἐμαρτύρουν
546 3294 622 3382 περὶ
639 3287 758 3360 τούτου
774 3287 814 3359 τά
831 3293 953 3377 ψευδῆ·
971 3319 1031 3379 μη-

72 3390 171 3485 τρυιά
196 3390 259 3484 γάρ
284 3390 305 3482 ἡ
331 3391 451 3463 τούτου
476 3392 581 3482 μήτηρ
613 3394 740 3480 ἐγένετο
765 3407 836 3470 ταῖς
861 3386 1032 3480 ἡμετέραις
1104 3453 1109 3463 Δ

71 3491 253 3583 ἀδελφαῖς,
281 3492 419 3564 είοίδαοι
447 3496 487 3562 δέ
501 3519 569 3572 πως
593 3488 637 3572 ὡς
656 3495 708 3561 ἐπὶ
725 3488 761 3560 ιδ
778 3487 863 3560 πολύ
880 3493 1032 3580 διαφέρε·
