2460 3918
222 210 262 276 86
636 200 764 263 ιειιοε
1076 199 1124 255 οι.
1141 201 1165 255 ο.

223 373 323 467 ,οὔτε
345 405 368 444 υ
369 371 420 444 ίδν
442 376 688 464 Χαιρέστρατον
712 366 924 459 έποιήσατο;”
953 365 1005 451 οίς
1028 371 1149 459 μοι’
1110 401 1165 464 γαρ

222 505 271 557 τις
293 477 505 564 παρεγένετο,
530 480 675 560 δίκαιον,
700 485 726 541 ο)
714 462 880 564 ἄνδρες,
904 487 1102 563 μαρτυρεῖν,
1124 471 1167 554 οἷς

224 573 322 665 δὲμή
340 576 535 698 παρεγένετο
558 569 632 642 ἀλλ’
656 569 779 659 ήιιουσέ
797 599 902 661 τινος,
927 567 1032 659 ἀκοήν
1055 600 1167 663 μαρτυ

102 721 104 729 2
171 696 205 748 54
222 691 309 768 ρείν·
337 672 379 745 σο)
407 671 440 744 δ’
459 703 500 744 ου
525 670 788 764 παραγενόμενος
811 670 996 796 διαρρήδην
1013 673 1167 763 μεμαρτύ-

225 804 325 868 ρηκας
352 770 396 854 ὦς
421 803 461 844 ου
488 775 617 844 διέθετο
644 770 876 862 Φιλοκτήμιον,
903 767 1018 851 ἀλλ”
996 799 1095 853 απαις
1112 777 1167 844 έτε-

224 873 370 963 λεύτησε.
423 881 527 943 καίτοι
561 877 629 954 πῶς
655 870 726 942 οίόν
751 900 786 943 τε
814 862 1017 962 είδέναι,
989 900 1016 942 ω
1042 870 1167 964 ἄνδρες,

224 972 338 1064 ὅμοιον
354 970 417 1065 γὰρ
435 970 546 1095 ὥσπερ
563 1002 605 1044 αν
623 980 653 1042 εί
669 980 751 1062 φαίη
770 975 910 1061 εἰδέναι,
937 970 1055 1043 κἀὶ
1012 1003 1058 1062 μη
1076 999 1167 1065 παρα

222 1072 414 1162 γενόμενος,
437 1070 498 1144 ὅσα
519 1068 613 1162 υμεϊς
635 1072 754 1154 πάντες
777 1072 941 1163 πράττετε.
985 1069 1027 1142 οὐ
1050 1071 1111 1163 γὰρ
1135 1073 1168 1161 δή

221 1171 319 1244 τοῦτό
344 1200 383 1261 γε
409 1178 493 1264 ἐρεῖ,
520 1182 637 1264 καίπερ
663 1169 879 1262 ἀναίσχυντος
922 1171 996 1262 ὤν,’
1017 1169 1062 1254 ὡς
1079 1171 1168 1244 ἅπασι

221 1276 422 1365 παρεγένετο
445 1276 500 1344 καὶ
524 1269 622 1344 πάντ’
647 1272 740 1343 οίδεν
762 1270 824 1343 ὅσα
842 1272 1062 1363 Φιλοκτήμοιυ
1081 1278 1116 1344 έν
1130 1279 1169 1366 τῷ

170 1397 203 1448 55
222 1381 285 1468 βίῳ
305 1372 507 1463 διεπράξατο.
535 1372 669 1444 πάντων
679 1370 742 1465 γὰρ
761 1369 863 1444 αὐτὸν
882 1378 1006 1455 έκείνος
1026 1381 1176 1464 ἔχθιστον

223 1471 348 1562 ένόμιζε
375 1472 429 1542 δαί
454 1501 490 1542 τε
515 1471 576 1560 τήν
601 1471 705 1561 ἄλλην
730 1481 908 1564 πονηρίαν,
935 1476 992 1544 καί
1011 1473 1095 1544 διότι
1111 1478 1167 1544 τῶν

221 1575 394 1660 συγγενῶν
415 1571 515 1661 μόνος
539 1571 618 1662 μετὰ
639 1577 697 1660 τῆς
716 1570 830 1662 Ἀλκής
854 1578 981 1664 ἐκείνης
999 1573 1166 1668 τούτῳκαὶ
1208 1645 1209 1650 ,

221 1689 289 1753 τοίς
315 1668 424 1752 ἄλλοις
450 1672 752 1760 συνεπιβουλεύοας
783 1690 850 1755 τοῖς
880 1678 941 1744 του
966 1671 1166 1764 Εὐκτήμονος
1208 1687 1209 1706 ¹

221 1770 362 1864 χρήμασι
378 1775 514 1843 τοιαῦτα
532 1771 802 1864 διεπράξατο,οί
766 1774 820 1844 οοί
836 1801 898 1866 περ
915 1771 998 1864 υμῖν
1015 1772 1165 1858 ἀπέδειξα.

171 1897 205 1950 50
297 1870 441 1942 Πάντων
468 1873 506 1941 δὲ
530 1872 670 1962 μάλιστα
696 1871 924 1963 ἀγανακτῆσαί
953 1879 1044 1946 ἐστιν
1075 1873 1167 1994 ἄξιον,

222 2000 302 2044 οταν
318 1961 411 2095 οὖτρι
427 2001 652 2064 καταχρανται
675 2003 720 2096 τρι
709 1971 983 2065 Εὐκτήμονος’
967 1975 1155 2067 ονόματι,
1129 2003 1166 2044 τοι

221 2075 317 2142 τουδὶ
343 2070 474 2165 πάππῳ.
521 2081 551 2144 εί
574 2073 654 2166 γάρ,
682 2070 726 2156 ὥς
751 2104 843 2146 ουτοι
868 2079 1020 2200 λέγουσι,
1047 2105 1093 2168 τῳ
1081 2077 1208 2164 μὲν

223 2171 443 2261 Φιλοκτήμυνι
459 2201 504 2262 μη
493 2170 599 2262 έξήν
616 2178 811 2264 διαθέσθαι,
837 2203 897 2245 του
885 2172 947 2245 δ’
966 2172 1165 2265 Εὐκτήμονός
1207 2177 1208 2184 '

223 2266 341 2341 ἐστινὸ
359 2274 495 2394 κλήρος,
513 2273 654 2363 πότερον
667 2274 871 2366 δικαιότερον
886 2303 954 2347 των
965 2273 1165 2365 Ευκτήμονοε

221 2380 438 2462 κληρονομεῖν
454 2400 511 2454 τας
530 2377 659 2445 ἐκείνου
680 2377 883 2466 θυγατέρας,
908 2371 1165 2465 ὁμολογουμένως

220 2466 322 2550 ουσας
347 2479 500 2592 γνησίας,
525 2474 529 2562 Ι
552 2477 608 2544 καὶ
596 2471 718 2564 ιήμᾶς
743 2503 819 2555 τους
835 2479 879 2545 έκ
896 2473 1030 2547 τούτων
1027 2472 1164 2601 γεγονή-

170 2581 203 2632 57
220 2598 294 2657 τας,
312 2598 334 2657 η
346 2597 422 2650 τους
433 2568 534 2642 ουδὲν
547 2573 787 2697 προσήκουτας;
806 2573 942 2646 οδου’
899 2605 1003 2666 μονον
1016 2572 1074 2666 υφ’
1082 2571 1207 2664 ήμον

223 2673 424 2759 ἐλέγχονται,
451 2667 534 2741 ἄλλα
559 2677 614 2743 καὶ
641 2665 739 2758 ἕξων
756 2672 850 2746 αυτοὶ
868 2680 1088 2767 οίέπίτροποι
1106 2681 1164 2744 διοι-

221 2771 444 2860 τεταραγμένοι
471 2779 542 2842 είσί.
586 2779 683 2844 τοῦτο
697 2773 771 2896 γὰρ
793 2805 889 2865 νμων
908 2779 1022 2867 δέομαι
1041 2780 1125 2846 καὶί
1123 2801 1163 2843 κε·

220 2896 306 2939 τευω
319 2868 449 2961 σφόδρα
460 2876 663 2964 μεμνῆσθαι,
682 2903 707 2944 υ
697 2866 898 2968 Ηᾶνδρες,
880 2903 961 2968 οπερ
979 2874 1081 2970 ὀλίγῳ
1098 2871 1164 2964 πρό·

220 2995 317 3059 τερον
334 2965 525 3053 ἀπέδειξα
504 2989 602 3063 υμῖν,
620 3003 670 3044 οτι
685 2971 882 3068 Ἀνδροκλής
893 2973 1006 3048 οὑτοσί
1017 2979 1098 3100 φησὶ
1113 2975 1163 3068 μὲν

222 3067 308 3138 εἶναι
335 3073 505 3160 ἐπίτροπος
531 3071 642 3145 αυτοῐν
660 3070 703 3157 ὥς
719 3074 826 3148 ὄντων
842 3086 990 3166 γυησίων
1007 3075 1162 3198 Ευκτήμο

221 3195 295 3256 2¹⁰9,
315 3177 423 3257 εἴληχε
441 3167 473 3239 δ’
497 3170 596 3256 αυτὸς
621 3178 729 3268 εαυτῷ
743 3205 803 3247 του
791 3175 1034 3268 Ἐυκτήμονος
1052 3175 1162 3265 κλήρου

221 3269 278 3338 καί
302 3270 360 3356 τής
385 3271 551 3361 θυγατρὸς
577 3303 680 3346 αυτου
707 3271 750 3356 ὥς
776 3275 876 3366 ουσης
903 3278 1093 3370 ἐπικλήρου
1117 3274 1162 3344 καί

171 3385 205 3437 ὖὸ
220 3370 323 3438 ταῦτα
344 3369 589 3463 μεμαρτύρηται
605 3371 696 3466 υμίυ
731 3385 838 3448 καίτοι
855 3405 924 3461 πως
941 3409 981 3450 ου
972 3361 1162 3463 ’δεινόν,ω

221 3465 357 3559 ἅνὸοδς,
381 3493 463 3558 προς
478 3479 570 3546 θεῶν
585 3473 788 3568 Ὀλυμπίων,
807 3487 838 3549 εί
853 3482 914 3570 μὲν
931 3486 966 3551 οί
979 3481 1092 3559 παῖδές
1109 3481 1162 3544 είσι
1204 3539 1205 3588 ἰ

1197 3591 1205 3634 ’λ
