2460 3918
238 183 299 246 142
647 176 774 227 12A10T
1077 175 1179 227 Οε.11.

237 355 353 471 δείση
378 344 589 430 καδίσκος
550 377 613 438 γαρ
632 353 768 464 ἔμελλεν
790 348 795 434 Ι
821 349 957 438 ἑκατέρᾳ
974 345 1179 469 τεθήσεσθαι.

238 444 273 518 τὸ
302 441 376 516 δ”
358 451 515 538 ημέτερου
536 445 577 518 06
600 451 750 517 τοιοῦτον
772 435 830 574 ήν,
860 443 933 517 ἄλλ’
964 452 1002 518 ἓν
1024 476 1061 518 το
1050 445 1182 569 γένος,

240 547 299 641 δύο
330 549 367 618 δὲ
390 547 516 637 λήξεις,
543 543 788 638 ἡμικληρίου
771 551 928 640 εκοιτίρμ
957 564 1026 628 τοῖς
1051 548 1088 618 δὲ
1109 546 1183 616 κατὰ

237 643 340 720 ταύτὰ
362 645 626 770 ἀμφισβητοῦσιν
654 643 700 730 εἷς
724 655 853 718 τίθεται
876 653 1046 770 καδίσκος,
1067 637 1110 716 06
1129 644 1184 716 οὐκ

238 777 280 819 αν
302 739 345 837 ήν
368 745 426 820 τὸν
443 750 504 872 μὲν
525 744 688 838 ἡττᾶσθαι
703 745 762 818 τδν
780 749 818 817 δὲ
834 749 948 839 νικᾷν,
972 743 1046 817 ἀλλ’
1071 741 1183 837 ὁμοίως

237 839 471 939 αμφοτίροις’
448 879 491 938 ην
508 844 526 919 6
544 844 642 931 αὐτὸς
659 845 879 936 κίνδυνος,”
851 842 930 917 ωστ’
948 845 1010 917 οὐκ
1025 851 1109 935 ’ἐνῆν
1126 877 1184 918 κοι-

237 958 363 1022 νωνίαν
390 945 470 1020 οὐδὲ
500 955 708 1039 δωμολογίκυ
735 946 937 1035 ποιήσασθαι
964 950 1040 1039 περὶ
1069 943 1183 1018 αὐτῶν.

187 1069 219 1118 22
236 1045 310 1119 ἀλλ’
333 1039 445 1138 οὗτος,
471 1047 582 1138 ἐπειδή
600 1051 809 1140 Στρατοκλῆς
831 1047 1020 1176 ἐτελεύτησε
1041 1051 1123 1139 πρὶν
1139 1076 1184 1136 γε

237 1153 356 1220 νίσθαι
372 1178 431 1220 του
420 1145 645 1241 ἡμικληρίου
662 1147 719 1230 τοὶς
737 1143 872 1236 λήξεις
853 1177 948 1238 ημωυ
962 1151 1118 1241 ἑκατέρῳ,
1137 1152 1185 1218 καὶ

237 1240 391 1321 οὐκέτ’ς
370 1279 413 1338 ην
436 1258 592 1340 μετουσία
615 1278 660 1342 τῳ
649 1253 882 1340 Στρατοκλεῖ
903 1248 1030 1322 τούτων
1047 1246 1130 1318 οὐδε
1146 1277 1184 1342 τμ

237 1354 331 1420 παιδὶ
354 1355 440 1444 τῳδε
465 1348 568 1422 διὰ
535 1379 593 1420 τον
614 1349 733 1439 νόμον,
757 1345 831 1420 αλλ’
857 1353 1072 1437 ίγίγυετοείς
1098 1319 1183 1438 ἐμεὴ

237 1459 437 1574 κληρονομία
466 1447 538 1520 κατ’
555 1447 757 1574 ἀγχιστείαν
785 1449 934 1538 πάντων,
966 1457 996 1518 εἰ
1023 1449 1185 1538 νικήσαιμι

237 1547 313 1632 τους
332 1549 533 1640 ἔχοντας,’
497 1579 551 1620 τοτ
555 1546 646 1639 ’ήδη
663 1549 909 1622 πλάττειταυτα
926 1553 980 1620 καί
982 1555 1183 1672 μηχανᾶται,

236 1655 432 1771 προσδοκῶν
454 1679 582 1732 τουτοις
604 1667 672 1732 τοῖς
695 1649 802 1740 λόγοις
826 1646 991 1744 ῥᾳδίως
971 1653 1057 1740 υμᾶς
1076 1654 1183 1734 ἐξαπα-

237 1754 340 1839 τήσαι.
376 1746 477 1822 ὅτιδ’
496 1747 557 1841 οὐχ
574 1741 716 1822 οίόντ”
694 1780 736 1839 ην
753 1780 880 1831 τουτων
890 1758 1067 1841 γίγνεσθαι
1080 1748 1181 1871 οὐδέν,

238 1848 320 1923 αλλα
338 1858 497 1942 διείρηται
514 1849 594 1922 καθ’
614 1855 751 1922 ἕκαστον
768 1848 903 1943 περλ’
862 1880 988 1940 αυτωυ,
1008 1856 1045 1921 ἐκ
1062 1855 1121 1922 τον”
1133 1849 1180 1920 νο

238 1981 301 2042 μου
312 1955 436 2040 γνοῖναι
449 1949 574 2045 ῥᾴδιον.
602 1953 694 2040 Λαβδ
712 1949 744 2020 δ’
759 1949 870 2034 αὐτοῖς
882 1954 938 2022 καὶ
951 1948 1179 2042 ἀναγίγνωσκε.

642 2115 779 2168 ΝΟΜΟΣ.

187 2275 219 2328 23
308 2245 377 2345 Ἆρ’
401 2251 483 2346 ὑμῖν
505 2250 639 2344 ὁνόμος
664 2261 754 2324 δοκεῖ
777 2270 884 2324 ποιεῖν
908 2258 1061 2338 ἐξουσίαν
1078 2283 1180 2325 κοινω-

236 2363 326 2444 νίας,
349 2352 423 2426 ἀλλ’
447 2353 510 2427 οὐκ
533 2353 687 2446 ἄντικρυς
704 2350 825 2426 οὑτωσὶ
848 2358 914 2424 πᾶν
930 2353 1140 2442 τούναντίον,
1156 2361 1180 2422 εί

237 2457 292 2524 καὶ
310 2453 346 2524 τὸ
364 2455 523 2545 πρότερον
539 2451 666 2547 ὖπήρχε
682 2463 856 2543 κοινωνία,
875 2455 1083 2546 προστάττει,
1102 2462 1179 2543 διαρ

238 2553 344 2646 ρήδηυ
371 2555 517 2626 κελεύων
546 2560 607 2625 τοῦ
633 2559 752 2646 μέρους
778 2559 915 2625 ἕκαστον
937 2555 1113 2646 λαγχάνειν
1134 2556 1180 2624 καὶ

237 2671 306 2737 τοῖς
329 2653 410 2726 κατὰ
431 2652 531 2725 ταύτδ
553 2653 796 2745 ἀμφισβητοῦσι
818 2659 923 2736 τιθεὶς
953 2659 1011 2727 ἕνα
1034 2663 1181 2726 καδίσκον

238 2758 293 2826 καλ
315 2752 372 2837 τὰς
391 2760 594 2836 ἐπιδικασίας
616 2759 734 2826 τοῦτον
751 2753 808 2826 τδν
825 2754 948 2841 τρόπον
965 2760 1088 2841 ποιωνς
1106 2751 1121 2824 6
1140 2755 1179 2840 δί,

237 2860 340 2926 ταῦτα
357 2861 424 2926 των
440 2855 552 2945 νόμων
564 2854 728 2943 λεγόντων
738 2858 793 2924 καὶ
806 2851 868 2926 οὐκ
881 2855 1017 2944 ἐνούσης
1034 2859 1180 2944 γενέσθαι

241 2961 464 3044 διομολογίας,
487 2952 593 3036 οὕτως
610 2952 736 3079 ἀλόγως
753 2958 888 3046 πρᾶγμα
902 2960 1096 3043 τηλικοῦτον
1113 2951 1180 3038 ψεή·

187 3084 222 3134 24
239 3068 361 3127 σασδοιι
384 3053 684 3145 τετόλμηκεν.οὕ
708 3054 809 3144 μόνον
834 3056 876 3124 δὲ
888 3083 984 3126 τουτο
1001 3062 1181 3144 πεποίηκεν,

238 3152 320 3224 ἄλλα
343 3159 397 3224 καὶ
421 3153 456 3224 τὸ
479 3154 613 3277 πάντων
637 3154 873 3277 ἐναγτιωτατον
896 3181 1031 3246 πραγμα
1049 3167 1180 3244 είρηκεν,

239 3283 264 3346 ω
282 3256 455 3345 προσέχετε
477 3252 535 3324 τδν
557 3258 656 3376 γοῦν,
681 3284 706 3324 ω
695 3244 856 3344 ἀνδρες
896 3252 1038 3376 μησὶ
997 3285 1063 3378 γαρ
1079 3251 1180 3345 ὁμολο-

237 3357 339 3440 γῆσαί
358 3383 398 3443 με
421 3382 480 3423 τον
505 3353 682 3446 κλήρου
650 3383 695 3424 τω
684 3353 865 3425 ”παιδλ
832 3384 868 3424 το
887 3350 1081 3478 ήμικλήριον
1097 3383 1180 3445 μετα-

240 3449 377 3542 δαίσειν,
403 3461 433 3524 εί
447 3452 615 3542 νικήσαιμι
632 3483 708 3534 τους
726 3461 857 3544 ἔχοντας
881 3452 992 3526 αὐτόν.
1033 3465 1136 3526 καίτοι
1158 3457 1182 3520 εί
