2466 3914
55 220 78 270 p.
94 201 132 254 45.
259 203 351 252 Πεει
367 201 442 254 νον
459 201 614 254 Πυεεον
630 203 794 257 mor.
965 209 1008 272 ηρ

55 403 108 462 την
126 375 161 443 δέ
184 369 229 463 μή
253 379 442 460 εἰσαγαγεῖν
464 370 525 461 τήν
547 375 609 464 μὲν
632 371 757 463 νόθην,
782 371 892 466 ὥσπερ
915 372 1009 471 αύτῷ

54 478 207 564 προσῆκε,
224 475 280 543 καὶ
298 471 443 565 ἅκληρον
460 477 652 563 κατέστησε,
670 473 729 547 τόν
747 475 784 545 δὲ
801 476 1008 567 κληρονόμον

54 577 199 646 κατέλιπε
220 578 288 644 τῶν
306 578 435 646 εαυτού.
480 571 563 645 ἄλλα
585 573 652 665 μήν
676 573 720 656 ὥς
743 604 781 664 γε
803 574 882 646 οὔτε
904 607 1006 668 γαμη-
1024 598 1060 653 Ἰσ

54 683 122 746 λίαν
140 671 371 764 είσήνεγκεν’
355 705 373 746 ο
391 688 483 757 θεῖος
505 672 616 766 ἡμῶν,
640 673 718 800 ρύτε
740 674 802 765 τήν
824 681 1005 770 θυγατέρα,

54 774 88 864 6v
116 797 199 866 φασι
226 784 367 864 γνησίαν
389 774 479 871 αύτμ
467 767 656 848 υτεἶναι
613 806 764 866 οντοι,ε
748 785 936 867 εἰσαγαγεῖν
960 787 1007 861 είς

54 874 123 959 τούς
135 874 301 1000 φράτορας
310 874 447 1001 ἠξίωσε,
466 880 521 948 καλ
532 882 636 948 ταῦτα
653 875 759 1001 νόμον
776 876 869 962 ὄντος
881 877 1005 970 αὐτοῖς,

54 975 271 1066 ἇναγνωσεται
299 973 380 1068 ύμῖν
396 977 472 1067 ’τήν
494 982 562 1050 τῶν
585 978 762 1070 φρατόρων
785 1008 852 1050 των
877 985 1007 1052 ἐκείνου

52 1087 237 1170 μαρτυρίαν.
280 1075 536 1168 Ἀναγίγνωσκε·
568 1077 613 1149 σύ
636 1076 669 1149 6'
689 1083 825 1166 ἐπίλαβε
847 1079 884 1150 τό
902 1079 1005 1174 ὕδωρ.

427 1245 623 1296 ΜΑΡΤΤΡΙΑ.

119 1387 211 1473 Λαβὲ
230 1387 267 1454 66
285 1388 339 1455 καὶ
356 1381 418 1473 τήν
436 1378 480 1466 ύς
499 1382 670 1473 ἐποιήσατο
688 1383 746 1456 τόν
765 1383 842 1477 ἐμόν
860 1383 1008 1476 ἀδελφόν

53 1484 121 1556 υἱόν
139 1482 237 1580 αύτῷ.

423 1651 621 1703 ΜΑΡΤΤΡῙΑ.

120 1789 203 1870 Εἶτα
219 1785 313 1879 ὑμεῖς
331 1788 392 1879 τήν
404 1788 598 1880 Νικοδήμου
615 1799 799 1882 μαρτυρίαν
816 1793 884 1861 τοῖν
901 1787 1007 1860 αύτού
1022 1810 1056 1860 77

54 1894 106 1960 τού
125 1898 226 1962 θείου
250 1894 475 1982 ἐκμαρτυρίαν
498 1894 693 1982 πιστοτέραν
715 1887 883 1980 ἡγήσεσθε
906 1889 1003 1979 εἶναι,

54 1993 100 2060 καλ
117 1990 179 2080 τήν
196 1987 284 2064 ούτω
308 1989 424 2080 κοινήν
447 2007 515 2072 τοῖς
539 1995 751 2086 βουλομένοις
767 1993 1003 2082 γεγενημένην,

53 2090 167 2180 ταύτην
198 2091 394 2182 ἐπιχειρήσει
421 2120 471 2173 τις
500 2086 585 2181 ὑμᾶς
613 2100 745 2162 πείθειν
766 2088 817 2162 ὅτι
841 2089 1005 2180 ἐγγυητήν

53 2209 186 2277 γυναῖκα
216 2187 234 2262 6
263 2188 418 2284 ἡμέτερος
440 2203 533 2273 θεῖος
563 2199 674 2282 ἐσχεν;
717 2186 790 2261 ἄλλ’
815 2185 930 2314 ὑμεῖς,
959 2186 1003 2274 ὦς

54 2299 130 2382 ἔγωγ
134 2289 333 2384 ὀἶμαι,’
294 2321 334 2362 ου
352 2290 561 2382 πιστεύσετε,
588 2290 645 2364 ἐὰν
661 2322 706 2383 μη
696 2287 930 2412 ἆπρφαίνη”
910 2309 1003 2383 υμῖν,
1115 2351 1123 2363 ,

53 2388 125 2485 ὅπερ
148 2390 327 2516 ἀρχόμενος
357 2392 451 2463 εἶπον
479 2396 541 2463 τού
563 2390 678 2482 λόγον,
707 2394 927 2517 πρῶτονμὲν
951 2397 1004 2464 ἐπὶ
1021 2405 1057 2458 78

54 2501 111 2563 τίνι
126 2483 298 2585 προικὶ
255 2521 352 2575 ουτος
365 2495 570 2586 ἐγγυῆσαι
540 2521 584 2563 τω
574 2492 723 2588 Πύρρῳ
742 2492 873 2584 φησὶ
835 2523 897 2582 την
908 2491 1002 2590 ἀδελ-

55 2593 130 2714 ρήν,
160 2603 272 2666 ἔπειτα
296 2592 377 2686 πρὸς
400 2591 516 2665 ὁποῖον
538 2590 680 2684 ἄρχοντα
708 2590 728 2684 6
754 2592 894 2715 ἐγγυητή
917 2593 1003 2717 γυνή

55 2690 181 2766 ἆτέλιπε
209 2693 267 2766 τόν
294 2689 452 2817 ἅνδρα’“
430 2725 452 2784 η
474 2723 532 2766 τον
560 2693 717 2767 οἷκον’
676 2700 842 2785 αντού,ε
827 2695 896 2765 εἶτα
922 2689 1002 2784 παρ’

55 2790 120 2866 ὅτου
144 2799 315 2918 ἐκομίσατο
339 2793 401 2883 τὴν
424 2812 544 2919 προῖκα
565 2794 685 2885 αὐτῆς,
716 2794 828 2884 ἐπειδὴ
854 2803 1002 2864 τετελευ-

54 2894 148 2982 τηκύς
171 2888 250 2989 ἦν
239 2885 268 2965 ὦ
290 2918 393 2986 φησιν
416 2892 522 2984 αύτήν
547 2900 719 2986 ἐγγυῆσαι·
757 2892 779 2984 6
803 2891 873 2966 εί’
854 2897 1002 2966 απαιτοῖν

53 2993 89 3083 μή
114 2971 253 3068 ἐδύνατό
271 3005 471 3087 κομίσασθαι
495 3005 500 3086 λ
524 3003 559 3068 ἐν
586 3009 710 3068 εῖκοσιυ
713 3003 857 3166 ὲέτεσιν,
882 2989 1004 3066 ὁποίαν

54 3099 139 3187 λίκηύ
157 3093 290 3170 σίτου
269 3127 290 3186 η
307 3101 365 3187 τῆς
383 3096 516 3190 προικός
541 3095 641 3186 αύτής
663 3092 728 3166 ύιιὲ
730 3124 749 3186 ρ
766 3099 823 3184 τῆς
842 3099 1002 3185 ἐγγυητής

52 3198 197 3281 γυναικός
227 3197 399 3269 ἐδικάσατο
426 3201 473 3292 τῷ
503 3207 609 3289 ἔχοντι
633 3195 691 3268 τόν
713 3194 853 3289 Πύρρου
879 3201 1001 3287 κλῆρον

52 3288 145 3382 ούτος.
179 3308 228 3371 ἐτι
248 3300 284 3369 δὲ
302 3297 383 3390 πρὸς
400 3299 528 3381 τούτοις
552 3293 778 3380 ἐπιθειξύτω“
759 3326 824 3392 οτμ
841 3296 1001 3388 πρότερον
1018 3315 1053 3368 79

51 3425 67 3482 η
82 3423 219 3494 νστερον
235 3397 404 3489 ἠγγύησεν
422 3390 518 3482 ούτος
535 3397 596 3488 τήν
612 3393 824 3522 ύδελφήν,”
803 3428 825 3487 η
843 3406 874 3468 εί
897 3401 928 3481 ἐξ
945 3395 1000 3466 ἅλ-

48 3506 103 3569 λου
119 3500 208 3583 τινός
229 3505 498 3591 γεγενημένοιῖ
467 3503 530 3572 εἰσὶ
555 3505 669 3579 παῖδες
687 3495 780 3588 αὐτῇ.
811 3503 914 3568 ταῦτα
936 3485 999 3564 ούν

94 3613 203 3668 Imus.
824 3618 844 3673 4
