2460 3918
55 282 83 331 p.
102 263 146 316 οι.
200 263 291 315 ΠΕΡΙ
308 262 384 314 νου
401 261 686 314 ιοοιιοιοεου
703 262 865 314 mmor.
972 268 1010 330 95

55 438 124 505 τοῖν
156 425 233 524 οἷσι,
257 430 320 506 κάν
348 438 437 523 γένει
464 431 621 524 ἀπωτέρω
649 431 857 522 τυγχάνωσιν
887 431 1012 515 ὅντες.”

54 535 161 626 ταύτη
179 536 240 625 μὲν
257 525 320 606 ούν
337 532 418 605 ούδδ
435 537 555 626 μέρους
573 543 687 625 λαχείν
703 537 863 624 προσῆκε,
883 544 1014 625 Θρασυ-

56 636 169 730 βούλῳ
194 636 233 706 δὲ
254 631 428 724 ἀπάντων,
454 631 485 704 εί
504 632 549 723 μή
573 640 692 726 κυρίαν
714 631 825 723 ἡγεῖτο
850 633 936 706 είναι
953 633 1014 723 τήν

58 735 140 827 ἐμήν
164 744 358 825 εἰσποίησιν.
401 739 525 817 ἐκεῖνος
548 743 664 807 τοίνυν
686 732 763 805 ούτε
786 739 819 818 ἐξ
837 732 938 828 ἀρχῆς
955 732 1014 825 ήμ-
1032 757 1064 810 21

57 836 241 927 φισβήτηκε
273 835 353 928 πρὸς
380 839 436 928 ἐμὲ
461 833 563 907 ούδδν
589 833 665 906 ούτε
682 839 755 906 1νύν
782 842 879 925 δίκην
906 847 1014 926 εἴληχε

57 942 132 1029 περὶ
150 935 279 1027 αύτῶυ,
303 934 386 1008 ἀλλά
407 939 510 1008 ταύτα
533 935 641 1008 πάντα
663 941 770 1018 καλοῖς
788 945 874 1028 ἔχειν
892 934 1014 1028 ὡμολό-

57 1060 171 1127 γηκεν·
191 1044 226 1109 oc
240 1036 274 1108 δ’
292 1034 377 1129 ὑπὲρ
394 1037 515 1126 ταύτης
527 1036 662 1108 πάντων
672 1034 894 1128 ἀμφισβητεῖν
905 1047 1013 1109 τετολ-

58 1140 214 1229 μήκασιν·
245 1148 291 1221 είς
313 1142 409 1210 τούτο
430 1135 602 1221 ἀναιδείας
627 1136 815 1226 ἐληλύθασι.
855 1141 948 1228 Λαβδ
971 1136 1013 1226 δή

60 1238 169 1322 αύτοῑς
187 1237 265 1321 τούς
282 1239 420 1330 νόμους,
439 1236 519 1329 παρ’
538 1236 597 1320 ούς
614 1243 719 1312 ταύτα
728 1238 940 1330 πεποιήκασι,
958 1243 1014 1310 καὶ

60 1339 241 1430 ἀνάγνωθι.
1047 1336 1049 1342 ’

468 1486 605 1538 ΝΟΜΟΣ.

130 1607 296 1680 Ἐνταῦθα
312 1609 374 1698 μὲν
390 1603 510 1699 ὁμοίως
521 1611 578 1679 καί
595 1605 724 1700 ἀδελφή
741 1613 796 1680 καὶ
814 1607 1015 1699 ἀδελφιδούς
1032 1622 1066 1672 22

10 1785 12 1810 ζ
63 1710 219 1801 ἰσόμοιροι
236 1707 320 1780 κατά
336 1706 395 1780 τάν
412 1708 515 1797 νόμον
534 1717 605 1780 είσί.
640 1711 733 1798 Λαρδ
752 1708 793 1799 δή
811 1714 1015 1800 καὶ-τούτου,

10 1815 12 1866 ί
63 1814 112 1880 καὶ
130 1807 361 1900 ἀναγίγνωσκε
378 1807 499 1890 αύτοῑς.

10 1869 12 1918 Ι

469 1959 607 2012 Nouoi.

129 2075 205 2149 Ἐἀν
222 2077 266 2168 μή
285 2069 367 2150 οἷσιν
384 2077 516 2165 ἀνεψιοὶ
526 2082 610 2170 μηδὲ
621 2075 769 2163 ἀνεψιῶν
781 2086 913 2168 παῖδες,
931 2080 1016 2169 μηδὲ

64 2180 118 2248 τού
142 2176 225 2270 πρὸς
252 2177 373 2271 πατρδς
398 2183 516 2270 γένους
541 2172 565 2272 ή
591 2177 767 2272 προσήκων
784 2187 916 2270 μηδείς,
942 2179 1016 2251 τότε

64 2276 208 2349 ἀπέδωκε
225 2297 293 2361 τοῖς
311 2277 392 2372 πρὸς
409 2281 545 2373 μητρός,
566 2288 712 2378 διορίσας
730 2276 788 2361 ούς
807 2287 1013 2373 δεῑκρατεῑυ.

65 2381 148 2468 Λαβδ
168 2381 205 2450 δὲ
223 2377 337 2462 αύτολς
354 2385 410 2452 καί
427 2385 547 2453 τούτου
563 2380 622 2452 τὸν
638 2378 741 2470 νόμον
758 2385 814 2451 καὶ
831 2379 1013 2472 ἀνάγνωθι.

468 2528 605 2580 ΝΟΜΟΣ.

137 2652 249 2718 Ταύτα
271 2651 339 2719 τιὸν
367 2648 481 2739 νόμων
504 2648 708 2721 κελευόντων
729 2645 747 2721 ὁ
770 2651 832 2739 μὲν
860 2647 944 2740 ἀνήρ
968 2646 1016 2720 οδν
1033 2676 1067 2728 23

65 2744 137 2819 οὐδὲ
154 2753 217 2819 τού
232 2752 352 2841 μέρους
371 2759 518 2841 εἴληχεν,
543 2757 578 2820 οί
593 2747 625 2820 δ’
644 2747 729 2841 ύπδρ
746 2750 866 2839 ταύτης
883 2753 940 2836 τής
957 2779 1016 2837 γυ-

66 2847 169 2930 ναικδς
198 2845 369 2921 ἀπάντων·
393 2848 480 2922 ούτω
502 2850 563 2941 τήν
585 2849 759 2922 ἀναίδειαν
781 2847 942 2939 οὐδεμίαν
965 2859 1016 2940 ζη-

65 2957 136 3034 μίαν
156 2949 243 3024 εἶναι
267 2959 445 3041 νομίξουσι.
481 2955 537 3022 καί
554 2947 639 3045 ύπδρ
656 2950 784 3022 τούτων
805 2949 1016 3042 τολμήσουσι,

65 3053 111 3119 καὶ
135 3068 205 3133 τοῖς
227 3050 336 3140 λόγοις
352 3055 495 3144 χρῶνται
523 3052 703 3142 τοιούτοις,“
730 3046 774 3133 ὥς
802 3048 1017 3134 αύτοῖς-ύλου

65 3154 116 3220 τού
132 3151 257 3243 κλήρου
275 3156 429 3243 ληκτίον,
453 3150 505 3225 ὅτι
524 3149 758 3246 Θρασύβουλος
782 3155 951 3242 ἐκποίητος
970 3163 1017 3236 είς

65 3249 114 3322 τάν
137 3252 231 3324 οἷκον
253 3251 311 3325 τδν
330 3250 557 3346 Ἱππολογίδου
585 3257 716 3343 γέγονε,
739 3255 896 3342 ,λέγοντες
920 3258 1016 3324 τούτο

66 3352 117 3436 μὲν
139 3351 279 3444 ἀληθές,
309 3360 415 3426 ἐκεῖνο
439 3351 472 3424 δ’
495 3352 536 3427 ού
560 3357 739 3446 προσήκον·
775 3364 811 3426 τί
830 3353 894 3446 γάρ
917 3345 1016 3444 ήττον
1033 3383 1066 3432 24

67 3448 148 3546 αύτῷ
164 3458 222 3542 τής
241 3464 435 3544 συγγενείας
452 3455 573 3544 ταύτης
590 3459 770 3546 προσήκεν;
794 3453 834 3524 ού
852 3453 915 3543 γάρ
932 3452 1016 3524 κατά

66 3555 114 3622 τὸν
138 3556 265 3647 πατέρα
290 3553 373 3627 ἀλλά
390 3553 472 3627 κατά
488 3554 549 3644 τήν
571 3557 694 3646 μητέρα
711 3558 765 3626 καὶ
782 3558 849 3625 τοῖν
863 3552 1014 3624 ’Λπολλο-
