<?xml version="1.0" encoding="UTF-8"?>
<!DOCTYPE html PUBLIC "-//W3C//DTD XHTML 1.0 Transitional//EN"
    "http://www.w3.org/TR/xhtml1/DTD/xhtml1-transitional.dtd">
<html xmlns="http://www.w3.org/1999/xhtml" xml:lang="en" lang="en">
 <head>
  <title>
</title>
<meta http-equiv="Content-Type" content="text/html;charset=utf-8" />
  <meta name='ocr-system' content='tesseract 3.04.00' />
  <meta name='ocr-capabilities' content='ocr_page ocr_carea ocr_par ocr_line ocrx_word'/>
</head>
<body>
  <div class='ocr_page' id='page_1' title='image "./isaeiorationesc02isaegoog_0063.png"; bbox 0 0 2466 3914; ppageno 0'>
   <div class='ocr_carea' id='block_1_1' title="bbox 215 173 1165 285">
    <p class='ocr_par' dir='ltr' id='par_1_1' title="bbox 215 173 1165 285">
     <span class='ocr_line' id='line_1_1' title="bbox 215 173 1165 285; baseline 0 -20"><span class='ocrx_word' id='word_1_1' title='bbox 215 222 235 285; x_wconf 74' lang='lat' dir='ltr'>g</span> <span class='ocrx_word' id='word_1_2' title='bbox 402 173 406 178; x_wconf 38' lang='lat'>¹</span> <span class='ocrx_word' id='word_1_3' title='bbox 640 213 771 266; x_wconf 75' lang='grc' dir='ltr'><strong><em>τΣΑιου</em></strong></span> <span class='ocrx_word' id='word_1_4' title='bbox 1088 214 1165 268; x_wconf 61' lang='lat' dir='ltr'><strong><em>om</em></strong></span> 
     </span>
    </p>
   </div>
   <div class='ocr_carea' id='block_1_2' title="bbox 178 379 1211 3605">
    <p class='ocr_par' dir='ltr' id='par_1_2' title="bbox 178 379 1211 3605">
     <span class='ocr_line' id='line_1_2' title="bbox 214 379 1170 477; baseline -0.001 -17"><span class='ocrx_word' id='word_1_5' title='bbox 214 387 343 460; x_wconf 87' lang='grc' dir='ltr'><strong><em>τούτων</em></strong></span> <span class='ocrx_word' id='word_1_6' title='bbox 364 383 513 471; x_wconf 83' lang='grc' dir='ltr'><strong><em>άξιούσιν</em></strong></span> <span class='ocrx_word' id='word_1_7' title='bbox 535 382 619 476; x_wconf 77' lang='grc' dir='ltr'><strong><em>ἡμᾶς</em></strong></span> <span class='ocrx_word' id='word_1_8' title='bbox 644 387 700 455; x_wconf 89' lang='grc' dir='ltr'><strong><em>καί</em></strong></span> <span class='ocrx_word' id='word_1_9' title='bbox 723 389 790 455; x_wconf 80' lang='grc' dir='ltr'><strong><em>των</em></strong></span> <span class='ocrx_word' id='word_1_10' title='bbox 812 380 1112 477; x_wconf 80' lang='grc' dir='ltr'><strong><em>ὁμολογουμένων,</em></strong></span> <span class='ocrx_word' id='word_1_11' title='bbox 1126 379 1170 460; x_wconf 78' lang='grc' dir='ltr'><strong><em>όν</em></strong></span> 
     </span>
     <span class='ocr_line' id='line_1_3' title="bbox 216 483 1169 580; baseline -0.001 -19"><span class='ocrx_word' id='word_1_12' title='bbox 216 488 418 579; x_wconf 76' lang='grc' dir='ltr'><strong><em>Κλεώνυμος</em></strong></span> <span class='ocrx_word' id='word_1_13' title='bbox 436 491 627 576; x_wconf 76' lang='grc' dir='ltr'><strong><em>κατέλιπεν,</em></strong></span> <span class='ocrx_word' id='word_1_14' title='bbox 651 483 763 567; x_wconf 79' lang='grc' dir='ltr'><strong><em>αὐτοῖς</em></strong></span> <span class='ocrx_word' id='word_1_15' title='bbox 783 485 932 576; x_wconf 87' lang='grc' dir='ltr'><strong><em>[τούτων]</em></strong></span> <span class='ocrx_word' id='word_1_16' title='bbox 953 493 1169 580; x_wconf 83' lang='grc' dir='ltr'><strong><em>ἰσομοιρησαι·</em></strong></span> 
     </span>
     <span class='ocr_line' id='line_1_4' title="bbox 216 581 1169 678; baseline -0.001 -16"><span class='ocrx_word' id='word_1_17' title='bbox 216 581 308 662; x_wconf 86' lang='grc' dir='ltr'><strong><em>ούτοι</em></strong></span> <span class='ocrx_word' id='word_1_18' title='bbox 333 591 370 660; x_wconf 68' lang='grc' dir='ltr'><strong><em>δὲ</em></strong></span> <span class='ocrx_word' id='word_1_19' title='bbox 393 596 439 669; x_wconf 91' lang='grc' dir='ltr'><strong><em>εἰς</em></strong></span> <span class='ocrx_word' id='word_1_20' title='bbox 461 593 558 660; x_wconf 87' lang='grc' dir='ltr'><strong><em>τούτο</em></strong></span> <span class='ocrx_word' id='word_1_21' title='bbox 579 585 717 677; x_wconf 80' lang='grc' dir='ltr'><strong><em>ἥκουσιν</em></strong></span> <span class='ocrx_word' id='word_1_22' title='bbox 739 583 988 678; x_wconf 85' lang='grc' dir='ltr'><strong><em>άναισχυντίας,</em></strong></span> <span class='ocrx_word' id='word_1_23' title='bbox 1013 586 1098 660; x_wconf 75' lang='grc' dir='ltr'><strong><em>ὥστε</em></strong></span> <span class='ocrx_word' id='word_1_24' title='bbox 1120 595 1169 662; x_wconf 84' lang='grc' dir='ltr'><strong><em>καλ</em></strong></span> 
     </span>
     <span class='ocr_line' id='line_1_5' title="bbox 217 684 1171 784; baseline 0 -22"><span class='ocrx_word' id='word_1_25' title='bbox 217 690 257 762; x_wconf 88' lang='grc' dir='ltr'><strong><em>τά</em></strong></span> <span class='ocrx_word' id='word_1_26' title='bbox 275 693 411 784; x_wconf 75' lang='grc' dir='ltr'><strong><em>πατρῷα</em></strong></span> <span class='ocrx_word' id='word_1_27' title='bbox 428 692 698 781; x_wconf 76' lang='grc' dir='ltr'><strong><em>προσαφελὲσθαι</em></strong></span> <span class='ocrx_word' id='word_1_28' title='bbox 715 693 867 777; x_wconf 77' lang='grc' dir='ltr'><strong><em>ζητούσιν</em></strong></span> <span class='ocrx_word' id='word_1_29' title='bbox 879 684 979 779; x_wconf 79' lang='grc' dir='ltr'><strong><em>ἡμᾶς,</em></strong></span> <span class='ocrx_word' id='word_1_30' title='bbox 997 687 1063 761; x_wconf 90' lang='grc' dir='ltr'><strong><em>ούκ</em></strong></span> <span class='ocrx_word' id='word_1_31' title='bbox 1080 687 1171 780; x_wconf 89' lang='grc' dir='ltr'><strong><em>άγνο-</em></strong></span> 
     </span>
     <span class='ocr_line' id='line_1_6' title="bbox 217 781 1170 883; baseline 0 -19"><span class='ocrx_word' id='word_1_32' title='bbox 217 797 348 882; x_wconf 83' lang='grc' dir='ltr'><strong><em>ούντες,</em></strong></span> <span class='ocrx_word' id='word_1_33' title='bbox 368 781 549 882; x_wconf 82' lang='grc' dir='ltr'><strong><em>ύάνδρες,</em></strong></span> <span class='ocrx_word' id='word_1_34' title='bbox 567 787 604 860; x_wconf 87' lang='grc' dir='ltr'><strong><em>τό</em></strong></span> <span class='ocrx_word' id='word_1_35' title='bbox 623 796 769 878; x_wconf 90' lang='grc' dir='ltr'><strong><em>δίκαιον,</em></strong></span> <span class='ocrx_word' id='word_1_36' title='bbox 793 785 876 860; x_wconf 82' lang='grc' dir='ltr'><strong><em>άλλά</em></strong></span> <span class='ocrx_word' id='word_1_37' title='bbox 892 788 1019 880; x_wconf 87' lang='grc' dir='ltr'><strong><em>πολλὴν</em></strong></span> <span class='ocrx_word' id='word_1_38' title='bbox 1038 795 1170 883; x_wconf 81' lang='grc' dir='ltr'><strong><em>ἐρημίαν</em></strong></span> 
     </span>
     <span class='ocr_line' id='line_1_7' title="bbox 181 886 1170 984; baseline -0.003 -18"><span class='ocrx_word' id='word_1_39' title='bbox 181 889 310 983; x_wconf 66' lang='grc' dir='ltr'><strong><em>ὃὴμεόν</em></strong></span> <span class='ocrx_word' id='word_1_40' title='bbox 333 890 559 980; x_wconf 90' lang='grc' dir='ltr'><strong><em>καταγνόντες.</em></strong></span> <span class='ocrx_word' id='word_1_41' title='bbox 601 893 771 974; x_wconf 77' lang='grc' dir='ltr'><strong><em>σκέψασθε</em></strong></span> <span class='ocrx_word' id='word_1_42' title='bbox 793 888 856 981; x_wconf 87' lang='grc' dir='ltr'><strong><em>γάρ</em></strong></span> <span class='ocrx_word' id='word_1_43' title='bbox 879 886 928 972; x_wconf 83' lang='grc' dir='ltr'><strong><em>οἰς</em></strong></span> <span class='ocrx_word' id='word_1_44' title='bbox 953 891 1102 984; x_wconf 81' lang='grc' dir='ltr'><strong><em>ἑκάτεροι</em></strong></span> <span class='ocrx_word' id='word_1_45' title='bbox 1124 921 1170 963; x_wconf 87' lang='grc' dir='ltr'><strong><em>πι-</em></strong></span> 
     </span>
     <span class='ocr_line' id='line_1_8' title="bbox 216 981 1171 1083; baseline 0 -18"><span class='ocrx_word' id='word_1_46' title='bbox 216 992 387 1074; x_wconf 89' lang='grc' dir='ltr'><strong><em>στεύοντες</em></strong></span> <span class='ocrx_word' id='word_1_47' title='bbox 406 987 449 1073; x_wconf 72' lang='grc' dir='ltr'><strong><em>οδς</em></strong></span> <span class='ocrx_word' id='word_1_48' title='bbox 466 987 551 1083; x_wconf 83' lang='grc' dir='ltr'><strong><em>ύμᾶς</em></strong></span> <span class='ocrx_word' id='word_1_49' title='bbox 571 990 845 1080; x_wconf 76' lang='grc' dir='ltr'><strong><em>εἰσεληλύθαμεν·</em></strong></span> <span class='ocrx_word' id='word_1_50' title='bbox 869 981 960 1062; x_wconf 86' lang='grc' dir='ltr'><strong><em>ούτοι</em></strong></span> <span class='ocrx_word' id='word_1_51' title='bbox 976 994 1040 1083; x_wconf 76' lang='grc' dir='ltr'><strong><em>μὲν</em></strong></span> <span class='ocrx_word' id='word_1_52' title='bbox 1060 994 1171 1082; x_wconf 80' lang='grc' dir='ltr'><strong><em>διαδὴ·</em></strong></span> 
     </span>
     <span class='ocr_line' id='line_1_9' title="bbox 216 1088 1171 1186; baseline 0.002 -22"><span class='ocrx_word' id='word_1_53' title='bbox 216 1123 288 1176; x_wconf 91' lang='grc' dir='ltr'><strong><em>καις</em></strong></span> <span class='ocrx_word' id='word_1_54' title='bbox 307 1092 544 1186; x_wconf 79' lang='grc' dir='ltr'><strong><em>ἰσχυριζόμενοι</em></strong></span> <span class='ocrx_word' id='word_1_55' title='bbox 561 1091 743 1181; x_wconf 88' lang='grc' dir='ltr'><strong><em>τοιαύταις,</em></strong></span> <span class='ocrx_word' id='word_1_56' title='bbox 766 1088 804 1173; x_wconf 73' lang='grc' dir='ltr'><strong><em>ἃς</em></strong></span> <span class='ocrx_word' id='word_1_57' title='bbox 823 1095 946 1173; x_wconf 70' lang='grc' dir='ltr'><strong><em>ἐκεῖνος</em></strong></span> <span class='ocrx_word' id='word_1_58' title='bbox 965 1097 1099 1166; x_wconf 74' lang='grc' dir='ltr'><strong><em>διέθετο</em></strong></span> <span class='ocrx_word' id='word_1_59' title='bbox 1115 1097 1171 1184; x_wconf 76' lang='grc' dir='ltr'><strong><em>μὲν</em></strong></span> 
     </span>
     <span class='ocr_line' id='line_1_10' title="bbox 216 1189 1168 1285; baseline -0.001 -19"><span class='ocrx_word' id='word_1_60' title='bbox 216 1192 277 1285; x_wconf 85' lang='grc' dir='ltr'><strong><em>ούχ</em></strong></span> <span class='ocrx_word' id='word_1_61' title='bbox 300 1190 380 1285; x_wconf 80' lang='grc' dir='ltr'><strong><em>ἡμῖν</em></strong></span> <span class='ocrx_word' id='word_1_62' title='bbox 404 1199 552 1284; x_wconf 73' lang='grc' dir='ltr'><strong><em>ἐγκαλεῖν</em></strong></span> <span class='ocrx_word' id='word_1_63' title='bbox 575 1190 649 1264; x_wconf 78' lang='grc' dir='ltr'><strong><em>ἀλλ’</em></strong></span> <span class='ocrx_word' id='word_1_64' title='bbox 672 1189 840 1284; x_wconf 81' lang='grc' dir='ltr'><strong><em>όργισδείς</em></strong></span> <span class='ocrx_word' id='word_1_65' title='bbox 863 1197 931 1264; x_wconf 69' lang='grc' dir='ltr'><strong><em>τοῖν</em></strong></span> <span class='ocrx_word' id='word_1_66' title='bbox 951 1201 1088 1267; x_wconf 83' lang='grc' dir='ltr'><strong><em>οἰκείων</em></strong></span> <span class='ocrx_word' id='word_1_67' title='bbox 1110 1200 1168 1266; x_wconf 87' lang='grc' dir='ltr'><strong><em>τινί</em></strong></span> 
     </span>
     <span class='ocr_line' id='line_1_11' title="bbox 214 1291 1170 1386; baseline 0 -20"><span class='ocrx_word' id='word_1_68' title='bbox 214 1300 282 1366; x_wconf 68' lang='grc' dir='ltr'><strong><em>τοῖν</em></strong></span> <span class='ocrx_word' id='word_1_69' title='bbox 307 1291 490 1386; x_wconf 80' lang='grc' dir='ltr'><strong><em>ἡμετέρων,</em></strong></span> <span class='ocrx_word' id='word_1_70' title='bbox 515 1303 611 1367; x_wconf 81' lang='grc' dir='ltr'><strong><em>ἔλυσε</em></strong></span> <span class='ocrx_word' id='word_1_71' title='bbox 635 1296 673 1364; x_wconf 68' lang='grc' dir='ltr'><strong><em>δὲ</em></strong></span> <span class='ocrx_word' id='word_1_72' title='bbox 690 1291 753 1386; x_wconf 87' lang='grc' dir='ltr'><strong><em>πρό</em></strong></span> <span class='ocrx_word' id='word_1_73' title='bbox 776 1298 837 1366; x_wconf 83' lang='grc' dir='ltr'><strong><em>τού</em></strong></span> <span class='ocrx_word' id='word_1_74' title='bbox 852 1293 1021 1385; x_wconf 77' lang='grc' dir='ltr'><strong><em>θανάτου,</em></strong></span> <span class='ocrx_word' id='word_1_75' title='bbox 1047 1299 1170 1386; x_wconf 75' lang='grc' dir='ltr'><strong><em>πέμψας</em></strong></span> 
     </span>
     <span class='ocr_line' id='line_1_12' title="bbox 181 1390 1211 1488; baseline -0.002 -18"><span class='ocrx_word' id='word_1_76' title='bbox 181 1423 199 1472; x_wconf 80' lang='grc'><strong>4</strong></span> <span class='ocrx_word' id='word_1_77' title='bbox 215 1403 444 1468; x_wconf 88' lang='grc' dir='ltr'><strong><em>Ποσείδιππον</em></strong></span> <span class='ocrx_word' id='word_1_78' title='bbox 468 1398 522 1467; x_wconf 81' lang='grc' dir='ltr'><strong><em>ἐπὶ</em></strong></span> <span class='ocrx_word' id='word_1_79' title='bbox 546 1394 607 1484; x_wconf 88' lang='grc' dir='ltr'><strong><em>τὴν</em></strong></span> <span class='ocrx_word' id='word_1_80' title='bbox 625 1392 744 1486; x_wconf 84' lang='grc' dir='ltr'><strong><em>άρχήν·</em></strong></span> <span class='ocrx_word' id='word_1_81' title='bbox 770 1390 863 1485; x_wconf 78' lang='grc' dir='ltr'><strong><em>ἡμεῖς</em></strong></span> <span class='ocrx_word' id='word_1_82' title='bbox 882 1396 920 1465; x_wconf 71' lang='grc' dir='ltr'><strong><em>δὲ</em></strong></span> <span class='ocrx_word' id='word_1_83' title='bbox 936 1397 1027 1485; x_wconf 80' lang='grc' dir='ltr'><strong><em>γένει</em></strong></span> <span class='ocrx_word' id='word_1_84' title='bbox 1044 1399 1106 1488; x_wconf 75' lang='grc' dir='ltr'><strong><em>μὲν</em></strong></span> <span class='ocrx_word' id='word_1_85' title='bbox 1124 1402 1168 1486; x_wconf 90' lang='grc' dir='ltr'><strong><em>ε’γ-</em></strong></span> <span class='ocrx_word' id='word_1_86' title='bbox 1210 1407 1211 1428; x_wconf 36' lang='grc' dir='ltr'><strong><em>λ</em></strong></span> 
     </span>
     <span class='ocr_line' id='line_1_13' title="bbox 215 1495 1169 1592; baseline 0.002 -25"><span class='ocrx_word' id='word_1_87' title='bbox 215 1496 345 1588; x_wconf 85' lang='grc' dir='ltr'><strong><em>γυτάτω</em></strong></span> <span class='ocrx_word' id='word_1_88' title='bbox 375 1495 610 1590; x_wconf 82' lang='grc' dir='ltr'><strong><em>προσήκοντες,</em></strong></span> <span class='ocrx_word' id='word_1_89' title='bbox 639 1495 800 1586; x_wconf 76' lang='grc' dir='ltr'><strong><em>χρώμενοι</em></strong></span> <span class='ocrx_word' id='word_1_90' title='bbox 830 1497 868 1566; x_wconf 71' lang='grc' dir='ltr'><strong><em>δὲ</em></strong></span> <span class='ocrx_word' id='word_1_91' title='bbox 897 1500 1014 1592; x_wconf 72' lang='grc' dir='ltr'><strong><em>ἐκείνω</em></strong></span> <span class='ocrx_word' id='word_1_92' title='bbox 1042 1497 1169 1569; x_wconf 89' lang='grc' dir='ltr'><strong><em>πάντων</em></strong></span> 
     </span>
     <span class='ocr_line' id='line_1_14' title="bbox 215 1592 1169 1690; baseline -0.003 -20"><span class='ocrx_word' id='word_1_93' title='bbox 215 1597 414 1688; x_wconf 89' lang='grc' dir='ltr'><strong><em>οἰκειότατα,</em></strong></span> <span class='ocrx_word' id='word_1_94' title='bbox 439 1597 634 1669; x_wconf 71' lang='grc' dir='ltr'><strong><em>δεδωκότων</em></strong></span> <span class='ocrx_word' id='word_1_95' title='bbox 658 1594 690 1666; x_wconf 91' lang='grc' dir='ltr'><strong><em>δ’</em></strong></span> <span class='ocrx_word' id='word_1_96' title='bbox 709 1592 789 1687; x_wconf 74' lang='grc' dir='ltr'><strong><em>ἡμῖν</em></strong></span> <span class='ocrx_word' id='word_1_97' title='bbox 806 1599 862 1667; x_wconf 88' lang='grc' dir='ltr'><strong><em>καί</em></strong></span> <span class='ocrx_word' id='word_1_98' title='bbox 879 1601 946 1669; x_wconf 81' lang='grc' dir='ltr'><strong><em>τω”ν</em></strong></span> <span class='ocrx_word' id='word_1_99' title='bbox 962 1597 1077 1690; x_wconf 93' lang='grc' dir='ltr'><strong><em>νόμων</em></strong></span> <span class='ocrx_word' id='word_1_100' title='bbox 1094 1597 1169 1670; x_wconf 82' lang='grc' dir='ltr'><strong><em>κατά</em></strong></span> 
     </span>
     <span class='ocr_line' id='line_1_15' title="bbox 215 1694 1170 1791; baseline -0.002 -20"><span class='ocrx_word' id='word_1_101' title='bbox 215 1697 276 1789; x_wconf 88' lang='grc' dir='ltr'><strong><em>τὴν</em></strong></span> <span class='ocrx_word' id='word_1_102' title='bbox 300 1697 489 1791; x_wconf 75' lang='grc' dir='ltr'><strong><em>ἀγχιστείαν</em></strong></span> <span class='ocrx_word' id='word_1_103' title='bbox 511 1701 566 1771; x_wconf 87' lang='grc' dir='ltr'><strong><em>καί</em></strong></span> <span class='ocrx_word' id='word_1_104' title='bbox 595 1694 701 1769; x_wconf 86' lang='grc' dir='ltr'><strong><em>αύτού</em></strong></span> <span class='ocrx_word' id='word_1_105' title='bbox 722 1702 783 1769; x_wconf 89' lang='grc' dir='ltr'><strong><em>τού</em></strong></span> <span class='ocrx_word' id='word_1_106' title='bbox 805 1697 1011 1789; x_wconf 80' lang='grc' dir='ltr'><strong><em>Κλεωνύμου</em></strong></span> <span class='ocrx_word' id='word_1_107' title='bbox 1038 1698 1093 1771; x_wconf 84' lang='grc' dir='ltr'><strong><em>διά</em></strong></span> <span class='ocrx_word' id='word_1_108' title='bbox 1114 1699 1170 1788; x_wconf 87' lang='grc' dir='ltr'><strong><em>τὴν</em></strong></span> 
     </span>
     <span class='ocr_line' id='line_1_16' title="bbox 217 1795 1170 1892; baseline -0.002 -21"><span class='ocrx_word' id='word_1_109' title='bbox 217 1810 332 1892; x_wconf 87' lang='grc' dir='ltr'><strong><em>φιλίαν</em></strong></span> <span class='ocrx_word' id='word_1_110' title='bbox 343 1799 404 1890; x_wconf 89' lang='grc' dir='ltr'><strong><em>τὴν</em></strong></span> <span class='ocrx_word' id='word_1_111' title='bbox 422 1796 636 1892; x_wconf 75' lang='grc' dir='ltr'><strong><em>ὑπάρχουσαν</em></strong></span> <span class='ocrx_word' id='word_1_112' title='bbox 647 1795 752 1892; x_wconf 72' lang='grc' dir='ltr'><strong><em>αύτῷ,</em></strong></span> <span class='ocrx_word' id='word_1_113' title='bbox 772 1806 819 1870; x_wconf 77' lang='grc' dir='ltr'><strong><em>ἔτι</em></strong></span> <span class='ocrx_word' id='word_1_114' title='bbox 837 1801 875 1870; x_wconf 74' lang='grc' dir='ltr'><strong><em>δὲ</em></strong></span> <span class='ocrx_word' id='word_1_115' title='bbox 886 1799 1099 1892; x_wconf 82' lang='grc' dir='ltr'><strong><em>Πολυάρχου,</em></strong></span> <span class='ocrx_word' id='word_1_116' title='bbox 1117 1805 1170 1872; x_wconf 85' lang='grc' dir='ltr'><strong><em>τού</em></strong></span> 
     </span>
     <span class='ocr_line' id='line_1_17' title="bbox 216 1896 1168 1993; baseline -0.003 -20"><span class='ocrx_word' id='word_1_117' title='bbox 216 1901 337 1993; x_wconf 85' lang='grc' dir='ltr'><strong><em>πατρὸς</em></strong></span> <span class='ocrx_word' id='word_1_118' title='bbox 354 1907 416 1973; x_wconf 86' lang='grc' dir='ltr'><strong><em>τού</em></strong></span> <span class='ocrx_word' id='word_1_119' title='bbox 432 1899 653 1991; x_wconf 81' lang='grc' dir='ltr'><strong><em>Κλεωνύμου,</em></strong></span> <span class='ocrx_word' id='word_1_120' title='bbox 673 1899 810 1970; x_wconf 92' lang='grc' dir='ltr'><strong><em>πάππου</em></strong></span> <span class='ocrx_word' id='word_1_121' title='bbox 829 1897 862 1970; x_wconf 92' lang='grc' dir='ltr'><strong><em>δ’</em></strong></span> <span class='ocrx_word' id='word_1_122' title='bbox 880 1896 1058 1992; x_wconf 75' lang='grc' dir='ltr'><strong><em>ἡμετέρου,</em></strong></span> <span class='ocrx_word' id='word_1_123' title='bbox 1077 1925 1168 1993; x_wconf 87' lang='grc' dir='ltr'><strong><em>προσ·</em></strong></span> 
     </span>
     <span class='ocr_line' id='line_1_18' title="bbox 215 1997 1168 2092; baseline -0.003 -18"><span class='ocrx_word' id='word_1_124' title='bbox 215 2002 381 2092; x_wconf 81' lang='grc' dir='ltr'><strong><em>τάξαντος,</em></strong></span> <span class='ocrx_word' id='word_1_125' title='bbox 401 2013 434 2074; x_wconf 87' lang='grc' dir='ltr'><strong><em>εἰ</em></strong></span> <span class='ocrx_word' id='word_1_126' title='bbox 443 2030 475 2073; x_wconf 88' lang='grc' dir='ltr'><strong><em>τι</em></strong></span> <span class='ocrx_word' id='word_1_127' title='bbox 492 2001 595 2073; x_wconf 80' lang='grc' dir='ltr'><strong><em>πάθοι</em></strong></span> <span class='ocrx_word' id='word_1_128' title='bbox 614 2000 813 2091; x_wconf 76' lang='grc' dir='ltr'><strong><em>Κλεώνυμος</em></strong></span> <span class='ocrx_word' id='word_1_129' title='bbox 833 1999 942 2091; x_wconf 80' lang='grc' dir='ltr'><strong><em>ἅπαις,</em></strong></span> <span class='ocrx_word' id='word_1_130' title='bbox 961 1997 1044 2092; x_wconf 73' lang='grc' dir='ltr'><strong><em>ἡμῖν</em></strong></span> <span class='ocrx_word' id='word_1_131' title='bbox 1058 2007 1168 2074; x_wconf 86' lang='grc' dir='ltr'><strong><em>δούναι</em></strong></span> 
     </span>
     <span class='ocr_line' id='line_1_19' title="bbox 180 2093 1169 2193; baseline -0.003 -19"><span class='ocrx_word' id='word_1_132' title='bbox 180 2123 197 2173; x_wconf 84' lang='grc'><strong>5</strong></span> <span class='ocrx_word' id='word_1_133' title='bbox 214 2101 255 2175; x_wconf 85' lang='grc' dir='ltr'><strong><em>τά</em></strong></span> <span class='ocrx_word' id='word_1_134' title='bbox 273 2099 384 2175; x_wconf 85' lang='grc' dir='ltr'><strong><em>αύτού.</em></strong></span> <span class='ocrx_word' id='word_1_135' title='bbox 420 2100 588 2175; x_wconf 87' lang='grc' dir='ltr'><strong><em>τοσούτων</em></strong></span> <span class='ocrx_word' id='word_1_136' title='bbox 605 2111 721 2174; x_wconf 88' lang='grc' dir='ltr'><strong><em>τοίνυν</em></strong></span> <span class='ocrx_word' id='word_1_137' title='bbox 738 2098 818 2191; x_wconf 84' lang='grc' dir='ltr'><strong><em>ἡμῖν</em></strong></span> <span class='ocrx_word' id='word_1_138' title='bbox 834 2097 1055 2193; x_wconf 78' lang='grc' dir='ltr'><strong><em>ὑπαρχόντων</em></strong></span> <span class='ocrx_word' id='word_1_139' title='bbox 1072 2093 1169 2191; x_wconf 88' lang='grc' dir='ltr'><strong><em>ούτοι,</em></strong></span> 
     </span>
     <span class='ocr_line' id='line_1_20' title="bbox 215 2201 1167 2296; baseline -0.004 -20"><span class='ocrx_word' id='word_1_140' title='bbox 215 2208 270 2276; x_wconf 89' lang='grc' dir='ltr'><strong><em>καί</em></strong></span> <span class='ocrx_word' id='word_1_141' title='bbox 287 2221 459 2294; x_wconf 78' lang='grc' dir='ltr'><strong><em>συγγενεῖς</em></strong></span> <span class='ocrx_word' id='word_1_142' title='bbox 470 2203 563 2287; x_wconf 82' lang='grc' dir='ltr'><strong><em>ὅντες</em></strong></span> <span class='ocrx_word' id='word_1_143' title='bbox 578 2207 633 2276; x_wconf 89' lang='grc' dir='ltr'><strong><em>καί</em></strong></span> <span class='ocrx_word' id='word_1_144' title='bbox 650 2201 752 2276; x_wconf 74' lang='grc' dir='ltr'><strong><em>ούδλν</em></strong></span> <span class='ocrx_word' id='word_1_145' title='bbox 770 2209 898 2274; x_wconf 85' lang='grc' dir='ltr'><strong><em>δίκαιον</em></strong></span> <span class='ocrx_word' id='word_1_146' title='bbox 909 2210 1015 2275; x_wconf 74' lang='grc' dir='ltr'><strong><em>εἰπεῖν</em></strong></span> <span class='ocrx_word' id='word_1_147' title='bbox 1034 2211 1167 2296; x_wconf 77' lang='grc' dir='ltr'><strong><em>ἔχοντες,</em></strong></span> 
     </span>
     <span class='ocr_line' id='line_1_21' title="bbox 214 2300 1166 2396; baseline -0.002 -22"><span class='ocrx_word' id='word_1_148' title='bbox 214 2301 277 2374; x_wconf 91' lang='grc' dir='ltr'><strong><em>ούκ</em></strong></span> <span class='ocrx_word' id='word_1_149' title='bbox 295 2304 506 2396; x_wconf 88' lang='grc' dir='ltr'><strong><em>αἰσχύνονται</em></strong></span> <span class='ocrx_word' id='word_1_150' title='bbox 524 2305 785 2393; x_wconf 78' lang='grc' dir='ltr'><strong><em>καταστήσαντες</em></strong></span> <span class='ocrx_word' id='word_1_151' title='bbox 799 2300 883 2394; x_wconf 76' lang='grc' dir='ltr'><strong><em>ἡμᾶς</em></strong></span> <span class='ocrx_word' id='word_1_152' title='bbox 902 2311 948 2386; x_wconf 89' lang='grc' dir='ltr'><strong><em>εἰς</em></strong></span> <span class='ocrx_word' id='word_1_153' title='bbox 965 2300 1081 2394; x_wconf 74' lang='grc' dir='ltr'><strong><em>άγοῑνα</em></strong></span> <span class='ocrx_word' id='word_1_154' title='bbox 1097 2307 1166 2393; x_wconf 80' lang='grc' dir='ltr'><strong><em>περὶ</em></strong></span> 
     </span>
     <span class='ocr_line' id='line_1_22' title="bbox 215 2396 1210 2496; baseline -0.002 -20"><span class='ocrx_word' id='word_1_155' title='bbox 215 2404 358 2496; x_wconf 87' lang='grc' dir='ltr'><strong><em>τούτων,</em></strong></span> <span class='ocrx_word' id='word_1_156' title='bbox 385 2409 461 2496; x_wconf 80' lang='grc' dir='ltr'><strong><em>περὶ</em></strong></span> <span class='ocrx_word' id='word_1_157' title='bbox 485 2396 532 2476; x_wconf 72' lang='grc' dir='ltr'><strong><em>σόν</em></strong></span> <span class='ocrx_word' id='word_1_158' title='bbox 550 2404 687 2495; x_wconf 86' lang='grc' dir='ltr'><strong><em>αἰσχρόν</em></strong></span> <span class='ocrx_word' id='word_1_159' title='bbox 709 2396 752 2493; x_wconf 87' lang='grc' dir='ltr'><strong><em>ἡν</em></strong></span> <span class='ocrx_word' id='word_1_160' title='bbox 769 2402 1014 2495; x_wconf 77' lang='grc' dir='ltr'><strong><em>ἀμφισβητῆσαι</em></strong></span> <span class='ocrx_word' id='word_1_161' title='bbox 1033 2410 1168 2484; x_wconf 80' lang='grc' dir='ltr'><strong><em>παλτοῖς</em></strong></span> <span class='ocrx_word' id='word_1_162' title='bbox 1209 2447 1210 2450; x_wconf 33' lang='lat'>¹</span> 
     </span>
     <span class='ocr_line' id='line_1_23' title="bbox 179 2500 1210 2598; baseline -0.005 -18"><span class='ocrx_word' id='word_1_163' title='bbox 179 2507 318 2596; x_wconf 76' lang='grc' dir='ltr'><strong><em>ομηδίν</em></strong></span> <span class='ocrx_word' id='word_1_164' title='bbox 340 2505 572 2598; x_wconf 80' lang='grc' dir='ltr'><strong><em>προσήκουσιν.</em></strong></span> <span class='ocrx_word' id='word_1_165' title='bbox 616 2503 686 2596; x_wconf 91' lang='grc' dir='ltr'><strong><em>Ούχ</em></strong></span> <span class='ocrx_word' id='word_1_166' title='bbox 714 2500 834 2595; x_wconf 85' lang='grc' dir='ltr'><strong><em>ὁμοίως</em></strong></span> <span class='ocrx_word' id='word_1_167' title='bbox 858 2509 897 2576; x_wconf 81' lang='grc' dir='ltr'><strong><em>δί</em></strong></span> <span class='ocrx_word' id='word_1_168' title='bbox 916 2535 971 2597; x_wconf 78' lang='grc' dir='ltr'><strong><em>μοι</em></strong></span> <span class='ocrx_word' id='word_1_169' title='bbox 996 2512 1165 2598; x_wconf 75' lang='grc' dir='ltr'><strong><em>δοκοῦμεν,</em></strong></span> <span class='ocrx_word' id='word_1_170' title='bbox 1209 2521 1210 2568; x_wconf 75' lang='lat' dir='ltr'>l</span> 
     </span>
     <span class='ocr_line' id='line_1_24' title="bbox 215 2597 1165 2700; baseline -0.002 -23"><span class='ocrx_word' id='word_1_171' title='bbox 215 2597 243 2677; x_wconf 84' lang='grc' dir='ltr'><strong><em>ιό</em></strong></span> <span class='ocrx_word' id='word_1_172' title='bbox 264 2604 399 2698; x_wconf 77' lang='grc' dir='ltr'><strong><em>ἄνδρες,</em></strong></span> <span class='ocrx_word' id='word_1_173' title='bbox 426 2613 616 2678; x_wconf 73' lang='grc' dir='ltr'><strong><em>διακεῖσθαι</em></strong></span> <span class='ocrx_word' id='word_1_174' title='bbox 639 2604 720 2697; x_wconf 79' lang='grc' dir='ltr'><strong><em>πρὸς</em></strong></span> <span class='ocrx_word' id='word_1_175' title='bbox 737 2602 907 2694; x_wconf 84' lang='grc' dir='ltr'><strong><em>άλλὴλους.</em></strong></span> <span class='ocrx_word' id='word_1_176' title='bbox 950 2606 1013 2696; x_wconf 74' lang='grc' dir='ltr'><strong><em>ἰγοδ</em></strong></span> <span class='ocrx_word' id='word_1_177' title='bbox 1030 2604 1165 2700; x_wconf 73' lang='grc' dir='ltr'><strong><em>μὲνγὰρ</em></strong></span> 
     </span>
     <span class='ocr_line' id='line_1_25' title="bbox 214 2703 1210 2800; baseline -0.003 -21"><span class='ocrx_word' id='word_1_178' title='bbox 214 2705 274 2798; x_wconf 89' lang='grc' dir='ltr'><strong><em>ούχ</em></strong></span> <span class='ocrx_word' id='word_1_179' title='bbox 298 2706 348 2779; x_wconf 86' lang='grc' dir='ltr'><strong><em>ότι</em></strong></span> <span class='ocrx_word' id='word_1_180' title='bbox 365 2705 488 2789; x_wconf 87' lang='grc' dir='ltr'><strong><em>άδίκως</em></strong></span> <span class='ocrx_word' id='word_1_181' title='bbox 511 2705 714 2795; x_wconf 74' lang='grc' dir='ltr'><strong><em>κινδυνεύω,</em></strong></span> <span class='ocrx_word' id='word_1_182' title='bbox 738 2703 836 2778; x_wconf 74' lang='grc' dir='ltr'><strong><em>τοῦδ’</em></strong></span> <span class='ocrx_word' id='word_1_183' title='bbox 861 2704 1002 2798; x_wconf 79' lang='grc' dir='ltr'><strong><em>ἡγοῦμαι</em></strong></span> <span class='ocrx_word' id='word_1_184' title='bbox 1019 2714 1166 2800; x_wconf 81' lang='grc' dir='ltr'><strong><em>μέγιστον</em></strong></span> <span class='ocrx_word' id='word_1_185' title='bbox 1209 2733 1210 2742; x_wconf 69' lang='grc'>’</span> 
     </span>
     <span class='ocr_line' id='line_1_26' title="bbox 216 2804 1165 2900; baseline -0.006 -20"><span class='ocrx_word' id='word_1_186' title='bbox 216 2809 301 2880; x_wconf 88' lang='grc' dir='ltr'><strong><em>εἰναι</em></strong></span> <span class='ocrx_word' id='word_1_187' title='bbox 329 2813 397 2880; x_wconf 67' lang='grc' dir='ltr'><strong><em>τοῖν</em></strong></span> <span class='ocrx_word' id='word_1_188' title='bbox 424 2807 599 2900; x_wconf 87' lang='grc' dir='ltr'><strong><em>παρόντων</em></strong></span> <span class='ocrx_word' id='word_1_189' title='bbox 626 2812 753 2896; x_wconf 73' lang='grc' dir='ltr'><strong><em>κακοῖν,</em></strong></span> <span class='ocrx_word' id='word_1_190' title='bbox 788 2804 861 2878; x_wconf 80' lang='grc' dir='ltr'><strong><em>ἀλλ’</em></strong></span> <span class='ocrx_word' id='word_1_191' title='bbox 890 2805 940 2881; x_wconf 87' lang='grc' dir='ltr'><strong><em>ότι</em></strong></span> <span class='ocrx_word' id='word_1_192' title='bbox 974 2806 1165 2900; x_wconf 75' lang='grc' dir='ltr'><strong><em>ἀγωνίζομαι</em></strong></span> 
     </span>
     <span class='ocr_line' id='line_1_27' title="bbox 214 2902 1165 3000; baseline -0.004 -21"><span class='ocrx_word' id='word_1_193' title='bbox 214 2909 296 2996; x_wconf 86' lang='grc' dir='ltr'><strong><em>πρός</em></strong></span> <span class='ocrx_word' id='word_1_194' title='bbox 318 2918 477 3000; x_wconf 87' lang='grc' dir='ltr'><strong><em>οἰκείους,</em></strong></span> <span class='ocrx_word' id='word_1_195' title='bbox 509 2906 566 2992; x_wconf 81' lang='grc' dir='ltr'><strong><em>ούς</em></strong></span> <span class='ocrx_word' id='word_1_196' title='bbox 590 2906 665 2981; x_wconf 74' lang='grc' dir='ltr'><strong><em>οὐδ’</em></strong></span> <span class='ocrx_word' id='word_1_197' title='bbox 691 2905 877 3000; x_wconf 76' lang='grc' dir='ltr'><strong><em>ἀμύνεσθαι</em></strong></span> <span class='ocrx_word' id='word_1_198' title='bbox 896 2914 1002 2990; x_wconf 68' lang='grc' dir='ltr'><strong><em>καλοῖς</em></strong></span> <span class='ocrx_word' id='word_1_199' title='bbox 1026 2917 1104 3000; x_wconf 79' lang='grc' dir='ltr'><strong><em>ἔχει·</em></strong></span> <span class='ocrx_word' id='word_1_200' title='bbox 1128 2902 1165 2978; x_wconf 89' lang='grc' dir='ltr'><strong><em>ού</em></strong></span> 
     </span>
     <span class='ocr_line' id='line_1_28' title="bbox 213 3003 1165 3102; baseline -0.004 -22"><span class='ocrx_word' id='word_1_201' title='bbox 213 3007 276 3100; x_wconf 80' lang='grc' dir='ltr'><strong><em>γάρ</em></strong></span> <span class='ocrx_word' id='word_1_202' title='bbox 306 3003 349 3081; x_wconf 81' lang='grc' dir='ltr'><strong><em>άν</em></strong></span> <span class='ocrx_word' id='word_1_203' title='bbox 379 3010 499 3082; x_wconf 80' lang='grc' dir='ltr'><strong><em>ἐλάττω</em></strong></span> <span class='ocrx_word' id='word_1_204' title='bbox 523 3009 699 3102; x_wconf 80' lang='grc' dir='ltr'><strong><em>συμφοράν</em></strong></span> <span class='ocrx_word' id='word_1_205' title='bbox 721 3005 908 3100; x_wconf 81' lang='grc' dir='ltr'><strong><em>ἡγησαίμην</em></strong></span> <span class='ocrx_word' id='word_1_206' title='bbox 932 3015 1040 3092; x_wconf 73' lang='grc' dir='ltr'><strong><em>κακοῖς</em></strong></span> <span class='ocrx_word' id='word_1_207' title='bbox 1063 3025 1165 3082; x_wconf 85' lang='grc' dir='ltr'><strong><em>ποιεῖν</em></strong></span> 
     </span>
     <span class='ocr_line' id='line_1_29' title="bbox 212 3104 1162 3202; baseline -0.003 -21"><span class='ocrx_word' id='word_1_208' title='bbox 212 3109 349 3193; x_wconf 87' lang='grc' dir='ltr'><strong><em>τούτους</em></strong></span> <span class='ocrx_word' id='word_1_209' title='bbox 372 3109 594 3202; x_wconf 76' lang='grc' dir='ltr'><strong><em>ἀμυνόμενος,</em></strong></span> <span class='ocrx_word' id='word_1_210' title='bbox 625 3119 767 3191; x_wconf 87' lang='grc' dir='ltr'><strong><em>οἰκείους</em></strong></span> <span class='ocrx_word' id='word_1_211' title='bbox 791 3109 904 3199; x_wconf 83' lang='grc' dir='ltr'><strong><em>ὄντας,</em></strong></span> <span class='ocrx_word' id='word_1_212' title='bbox 933 3104 956 3200; x_wconf 82' lang='grc' dir='ltr'><strong><em>ἡ</em></strong></span> <span class='ocrx_word' id='word_1_213' title='bbox 978 3115 1085 3193; x_wconf 75' lang='grc' dir='ltr'><strong><em>κακῶς</em></strong></span> <span class='ocrx_word' id='word_1_214' title='bbox 1106 3137 1162 3180; x_wconf 91' lang='grc' dir='ltr'><strong><em>πα-</em></strong></span> 
     </span>
     <span class='ocr_line' id='line_1_30' title="bbox 178 3200 1164 3304; baseline -0.002 -21"><span class='ocrx_word' id='word_1_215' title='bbox 178 3223 291 3283; x_wconf 76' lang='grc' dir='ltr'><strong><em>Ἰδεῖν</em></strong></span> <span class='ocrx_word' id='word_1_216' title='bbox 321 3217 353 3296; x_wconf 79' lang='grc' dir='ltr'><strong><em>ἐξ</em></strong></span> <span class='ocrx_word' id='word_1_217' title='bbox 382 3210 483 3304; x_wconf 65' lang='grc' dir='ltr'><strong><em>ἀρχῆς</em></strong></span> <span class='ocrx_word' id='word_1_218' title='bbox 511 3209 578 3284; x_wconf 75' lang='grc' dir='ltr'><strong><em>ὑπό</em></strong></span> <span class='ocrx_word' id='word_1_219' title='bbox 605 3212 746 3284; x_wconf 88' lang='grc' dir='ltr'><strong><em>τούτων.</em></strong></span> <span class='ocrx_word' id='word_1_220' title='bbox 778 3200 870 3282; x_wconf 82' lang='grc' dir='ltr'><strong><em>ούτοι</em></strong></span> <span class='ocrx_word' id='word_1_221' title='bbox 895 3207 928 3281; x_wconf 88' lang='grc' dir='ltr'><strong><em>δ’</em></strong></span> <span class='ocrx_word' id='word_1_222' title='bbox 953 3209 994 3282; x_wconf 88' lang='grc' dir='ltr'><strong><em>ού</em></strong></span> <span class='ocrx_word' id='word_1_223' title='bbox 1016 3210 1164 3297; x_wconf 85' lang='grc' dir='ltr'><strong><em>τοιαύτην</em></strong></span> 
     </span>
     <span class='ocr_line' id='line_1_31' title="bbox 215 3308 1163 3404; baseline 0.005 -21"><span class='ocrx_word' id='word_1_224' title='bbox 215 3319 326 3404; x_wconf 82' lang='grc' dir='ltr'><strong><em>ἔχουσι</em></strong></span> <span class='ocrx_word' id='word_1_225' title='bbox 337 3311 398 3402; x_wconf 87' lang='grc' dir='ltr'><strong><em>τὴν</em></strong></span> <span class='ocrx_word' id='word_1_226' title='bbox 411 3313 557 3404; x_wconf 81' lang='grc' dir='ltr'><strong><em>γνύμην,</em></strong></span> <span class='ocrx_word' id='word_1_227' title='bbox 576 3311 649 3384; x_wconf 77' lang='grc' dir='ltr'><strong><em>ἀλλ’</em></strong></span> <span class='ocrx_word' id='word_1_228' title='bbox 673 3316 678 3402; x_wconf 67' lang='grc' dir='ltr'><strong><em>ἡ</em></strong></span> <span class='ocrx_word' id='word_1_229' title='bbox 701 3309 840 3400; x_wconf 83' lang='grc' dir='ltr'><strong><em>ἡκουσιν</em></strong></span> <span class='ocrx_word' id='word_1_230' title='bbox 853 3309 913 3404; x_wconf 63' lang='grc' dir='ltr'><strong><em>ἐφ’4</em></strong></span> <span class='ocrx_word' id='word_1_231' title='bbox 926 3309 1076 3403; x_wconf 80' lang='grc' dir='ltr'><strong><em>ἡμᾶςκαὶ</em></strong></span> <span class='ocrx_word' id='word_1_232' title='bbox 1093 3308 1163 3388; x_wconf 77' lang='grc' dir='ltr'><strong><em>τούς</em></strong></span> 
     </span>
     <span class='ocr_line' id='line_1_32' title="bbox 214 3408 1162 3506; baseline -0.006 -21"><span class='ocrx_word' id='word_1_233' title='bbox 214 3423 332 3503; x_wconf 80' lang='grc' dir='ltr'><strong><em>φίλους</em></strong></span> <span class='ocrx_word' id='word_1_234' title='bbox 356 3417 640 3506; x_wconf 81' lang='grc' dir='ltr'><strong><em>παρακαλέσαντες</em></strong></span> <span class='ocrx_word' id='word_1_235' title='bbox 669 3415 725 3482; x_wconf 86' lang='grc' dir='ltr'><strong><em>καί</em></strong></span> <span class='ocrx_word' id='word_1_236' title='bbox 753 3411 891 3505; x_wconf 77' lang='grc' dir='ltr'><strong><em>ῥήτορας</em></strong></span> <span class='ocrx_word' id='word_1_237' title='bbox 920 3408 1162 3506; x_wconf 86' lang='grc' dir='ltr'><strong><em>παρασκευασά-</em></strong></span> 
     </span>
     <span class='ocr_line' id='line_1_33' title="bbox 213 3510 1160 3605; baseline -0.002 -20"><span class='ocrx_word' id='word_1_238' title='bbox 213 3543 309 3604; x_wconf 91' lang='grc' dir='ltr'><strong><em>μενοι</em></strong></span> <span class='ocrx_word' id='word_1_239' title='bbox 326 3518 382 3586; x_wconf 86' lang='grc' dir='ltr'><strong><em>καί</em></strong></span> <span class='ocrx_word' id='word_1_240' title='bbox 398 3512 501 3587; x_wconf 72' lang='grc' dir='ltr'><strong><em>οὐδὲν</em></strong></span> <span class='ocrx_word' id='word_1_241' title='bbox 518 3512 751 3594; x_wconf 78' lang='grc' dir='ltr'><strong><em>ἀπολείποντες</em></strong></span> <span class='ocrx_word' id='word_1_242' title='bbox 772 3517 829 3602; x_wconf 84' lang='grc' dir='ltr'><strong><em>τῆς</em></strong></span> <span class='ocrx_word' id='word_1_243' title='bbox 847 3510 960 3586; x_wconf 77' lang='grc' dir='ltr'><strong><em>αὐτόν</em></strong></span> <span class='ocrx_word' id='word_1_244' title='bbox 985 3512 1160 3605; x_wconf 87' lang='grc' dir='ltr'><strong><em>δυνάμεως,</em></strong></span> 
     </span>
    </p>
   </div>
   <div class='ocr_carea' id='block_1_3' title="bbox 0 0 1238 3914">
    <p class='ocr_par' dir='ltr' id='par_1_3' title="bbox 0 0 1238 3914">
     <span class='ocr_line' id='line_1_34' title="bbox 0 0 1238 3914; baseline 0 1"><span class='ocrx_word' id='word_1_245' title='bbox 0 0 1238 3914; x_wconf 95' lang='lat' dir='ltr'><strong><em> </em></strong></span> 
     </span>
    </p>
   </div>
   <div class='ocr_carea' id='block_1_4' title="bbox 754 3795 767 3850">
    <p class='ocr_par' dir='ltr' id='par_1_4' title="bbox 754 3795 767 3850">
     <span class='ocr_line' id='line_1_35' title="bbox 754 3795 767 3850; baseline 0 0"><span class='ocrx_word' id='word_1_246' title='bbox 754 3795 767 3850; x_wconf 73' lang='grc' dir='ltr'><strong><em>λ</em></strong></span> 
     </span>
    </p>
   </div>
  </div>
 </body>
</html>
