2460 3918
157 299 161 306 ἱ
222 245 285 307 114
375 314 378 327 1
634 235 762 287 1ΣΑΙΟΤ
1078 236 1127 286 Οτι.
1143 236 1167 287 8.

221 406 500 498 κατοικοδομήσας
518 410 573 476 καὶ
592 405 829 494 ἐπιβουλεύσας
845 403 1004 495 ἠτίμωσε,
1023 409 1080 475 καί
1097 437 1168 497 γρα·
1195 394 1198 402 ’

222 507 292 600 φήν
308 507 438 602 ὕβρεως
460 511 599 598 γραφεὶς
622 504 756 577 ούδέπω
779 505 905 577 τούτων
924 512 1022 596 δίκην
1041 510 1168 598 δέδωκε,

220 615 278 698 τής
297 611 334 680 δὲ
351 607 423 699 μετ’
443 612 574 697 ίκείνην
590 611 769 696 γενομένης
787 605 845 677 τόν
862 605 971 699 ἀνδρα
987 604 1122 678 ἀποκτεῑ
1110 626 1169 679 λυαι

220 709 380 790 κελεύσας
402 712 533 796 οίκίτην
560 712 688 779 ἐκεῖνον
709 709 771 797 μὲν
790 711 965 797 ἐξέπεμψε,
989 706 1053 796 τήν
1078 705 1159 778 δ’ί
1128 717 1169 778 αί·

168 823 203 874 42
220 820 295 881 τίαν
319 819 365 891 είς
386 808 448 898 τήν
470 805 620 896 ἀδελφήν
648 815 779 898 ἔτρεψε,
807 807 1034 932 καταπλήξας
1044 810 1081 878 δὲ
1108 827 1170 890 ταῖς

206 907 326 982 ἀύτου
316 914 538 999 βδελυρίαις
554 908 806 1000 προσαφήρηται
823 907 882 980 τόυ
898 903 973 982 υίόυ
990 905 1099 978 αύτού
1118 908 1170 997 τήν

220 1009 342 1082 ούσίαν
359 1007 611 1099 ἐπιτροπεύσας,
630 1013 686 1080 καὶ
703 1014 830 1100 κατέχει
842 1008 902 1080 τόν
919 1006 1039 1099 ἀγρόν,
1059 1013 1170 1098 φελλία

222 1113 259 1182 δὲ
278 1115 393 1203 ἐκείνῳ
416 1113 548 1180 δέδωκε.
591 1114 647 1180 καὶ
668 1139 774 1181 ταυτα
796 1108 845 1182 ὅτι
868 1107 980 1198 ἀληθῆ
996 1116 1099 1200 λέγω,
1127 1117 1169 1179 δε-

222 1218 312 1281 δίασι
329 1206 391 1301 μὲν
408 1209 528 1300 αύτόυ,
547 1222 626 1292 ἴσως
646 1209 677 1281 δ’
696 1208 739 1283 ἀν
751 1241 807 1301 μοι
817 1214 873 1281 καὶ
884 1215 1094 1303 μαρτυρήσαι
1106 1216 1169 1282 ἑθε-

220 1312 372 1400 λήσειαυ·
392 1319 423 1382 εί
441 1314 477 1382 δὲ
494 1310 551 1401 μή,
566 1311 646 1394 τούς
665 1311 795 1394 είδότας
806 1314 985 1402 παρέξομαι
998 1311 1168 1405 μάρτυρας.

220 1423 289 1484 Καί
305 1442 359 1502 μοι
376 1411 468 1482 κάλει
487 1417 587 1506 δεύρο
605 1411 727 1494 αύτούς
744 1417 883 1504 πρῶτον.

593 1627 802 1678 ΜΑΡΤΤΡΕΣ.

169 1831 203 1884 43
297 1811 395 1884 Ούτω
411 1821 527 1884 τοίνυν
544 1810 684 1902 ἀσελγής
702 1810 750 1884 όν
761 1818 817 1885 καὶ
835 1823 942 1903 βίαιος
959 1818 1016 1886 καὶ
1034 1814 1097 1905 τήν
1111 1821 1167 1886 τόν

220 1908 378 2003 ἀδελφοῖν
394 1911 513 1986 ούσίαυ
529 1911 759 2004 ἀπεστερηκὼς
775 1912 837 1985 ούκ
854 1912 967 2008 ἀγαπᾷ
982 1914 1025 1987 τά
1043 1921 1167 1987 ἐκείνων

221 2020 323 2104 ἒχων,
341 2011 415 2085 ἀλλ’
434 2012 486 2084 ὅτι
503 2021 600 2103 δίκην
617 2011 779 2105 οὐδεμίαν
797 2013 909 2086 αύτων
927 2019 1088 2106 δέδωκεν,
1106 2015 1166 2105 ήκει

219 2117 275 2183 καὶ
292 2113 334 2185 τά
350 2119 412 2186 τοῦ
427 2113 564 2186 πάππου
581 2114 730 2206 χρήματα
747 2112 830 2205 ήμάς
848 2113 1104 2207 ἀποστερήσων,
1120 2119 1166 2186 καί

218 2213 326 2309 τούτρι
346 2214 407 2285 δύο
424 2219 506 2304 μνᾶς
525 2212 584 2305 (ὡς
608 2213 786 2306 ἀκούομεν)
810 2219 814 2305 Ι
837 2215 939 2306 μόνας
964 2216 1118 2298 ,δεδωκώς
1132 2213 1165 2286 ού

220 2312 325 2401 μόνον
346 2318 422 2405 περὶ
445 2315 621 2406 χρημάτωυ
643 2312 728 2406 ήμάς
751 2313 833 2386 ἀλλά
856 2320 913 2387 καὶ
935 2321 1012 2410 περὶ
1036 2323 1094 2407 τῆς
1114 2343 1165 2387 πα-

219 2419 332 2503 τρίδος
357 2422 403 2494 είς
421 2414 599 2496 κινδύνους
621 2425 705 2487 καδί
703 2438 826 2505 στησιν.
864 2415 921 2488 ἐάυ
937 2416 1001 2508 γάρ
1021 2423 1166 2504 ἐξαπατη-

219 2516 303 2600 θῆτε
318 2509 415 2601 ὑμεῖς
432 2513 665 2595 πεισθέντες
641 2545 684 2596 ως
702 2513 723 2605 ή
740 2516 846 2608 μήτηρ
868 2513 962 2606 ήμιὸυ
979 2517 1044 2588 ούκ
1061 2510 1103 2608 ήν
1118 2545 1165 2588 πο-

220 2622 318 2700 λίτις,
337 2609 450 2682 060⁰
431 2631 525 2736 ημεῖς
538 2620 651 2704 ε’σμευ
668 2644 728 2705 μετ
731 2613 997 2705 Ευκλείδην
957 2647 1023 2707 γαρ
1034 2646 1166 2710 αρχονια

218 2711 411 2803 γεγόναμεν.
447 2705 510 2805 ἀρα
527 2718 604 2806 περὶ
624 2721 752 2809 μικρόν
768 2746 871 2789 τινων
886 2714 967 2842 ήμϊν
984 2717 1044 2790 τόν
1063 2715 1165 2808 ἀγωνα

166 2825 202 2874 «14
220 2813 457 2901 κατεσκεύακε,
487 2818 542 2885 καὶ
572 2819 689 2900 ζιόυτος
711 2819 773 2908 μὲν
794 2822 856 2888 τού
876 2818 1014 2912 πάππου
1038 2824 1093 2891 καί
1115 2821 1166 2888 τού

218 2912 340 3004 ’πατρὸς
357 2911 518 3005 ούδεμίαυ
536 2924 645 2988 αίτίαυ
663 2930 812 3008 είχομευ,
831 2916 907 2990 ἀλλ’
925 2907 1164 3048 ἀναμφισβήτη-

217 3042 269 3083 τοι
284 3011 342 3084 τόν
358 3012 488 3087 ἅπαντα
504 3015 625 3106 χρόνον
642 3023 885 3109 διετελέσαμεν
905 3019 1019 3109 ἐπειδή
1037 3019 1072 3090 δ’
1092 3025 1163 3090 ε’κεϊ-

217 3142 271 3184 υοι
287 3115 551 3205 τετελευτήκασι,
569 3113 632 3188 κάν
648 3123 714 3190 νύν
730 3120 932 3210 νικήσωμεν,
957 3119 1085 3202 ουειδος
1103 3123 1162 3202 ἕξο-

218 3241 295 3303 μευ,
315 3214 397 3284 διότι
408 3213 722 3341 ήμφισβητήδημευ,
743 3219 847 3289 διά
813 3249 871 3291 του
885 3217 1037 3311 Ὀρέστην
1053 3225 1163 3291 τούτου

217 3312 276 3384 τόν
292 3343 400 3395 κακως
417 3311 703 3406 ἀπολούμενου,“
683 3348 719 3399 ος
736 3318 847 3410 μοιχός
868 3325 1011 3410 ληφθεὶς
1032 3349 1088 3392 και
1108 3347 1160 3390 πα·

216 3413 292 3484 θωυ
314 3411 379 3485 ότι
402 3415 559 3506 προσήκει
581 3416 659 3498 τούς
674 3417 715 3488 τά
737 3425 872 3491 τοιαῦτα
894 3427 1070 3502 ποιοῦντας
1092 3415 1160 3490 οὐδ’

217 3542 262 3594 ιος
283 3511 521 3586 ἀπαλλάττεται
541 3521 603 3586 τού
623 3517 827 3611 πράγματος,
857 3517 901 3602 ὥς
924 3529 956 3592 οἱ
982 3519 1164 3597 συνειδότες
