2460 3918
223 231 286 302 134
371 281 372 288 ρ
539 221 761 306 1,ΙΣΑΙΟΤ
1060 225 1107 275 Οτι.
1124 224 1157 277 10.

221 403 295 488 ριάς
330 395 414 466 εἶναι
447 393 504 476 τὰς
540 393 717 482 διαθήκας,
753 390 862 484 ύσπερ
896 423 933 474 ας
967 390 1009 465 άν
1043 397 1159 476 ἕκαστος

172 515 205 568 23
221 499 298 587 περὶ
315 500 383 618 τρῖν
400 491 502 566 αύτον
491 499 683 582 διαθῆται.
718 498 822 564 ταύτα
841 491 935 565 δὲ’
894 523 936 564 ου
953 483 1082 616 τούτων
1093 491 1160 564 ὄντα

222 593 296 667 ἀλλ’
320 591 461 687 ἡμέτερα
483 603 644 685 φαίνεται.
686 591 769 666 ὥστε
786 589 828 665 άν
846 597 899 664 ἐπὶ
916 598 1033 666 τούτου
1049 591 1104 665 τδν
1118 594 1160 664 λό-
1206 618 1210 688 ᾗ,

138 765 140 776 ,
221 727 283 786 γον
304 695 496 796 καταφεύγῃ
519 698 574 766 καὶ
595 693 762 818 μάρτυρας
778 691 1010 785 παρέχιμαι’
987 723 1030 775 ως
1049 698 1161 765 διέθετο

224 802 363 887 ἐκεῖνος,
382 791 605 868 ἐπιδεικνύναι
621 793 772 865 κελεύετε
790 822 806 865 ε
807 793 1026 876 δδικαίως
989 823 1031 864 τα
1047 797 1161 866 ἕαυτού.

223 901 319 970 τούτο
341 895 404 989 γάρ
433 894 561 967 δίκαιόν
585 899 660 966 έστι.
702 894 873 967 δεινότατα
894 892 957 1018 γάρ
979 891 1023 966 άν
1045 895 1163 966 πάντων

222 1001 367 1088 γένοιτο,
387 1005 419 1067 εἰ
433 1002 630 1087 Κυρωνίδης
652 997 713 1085 μὲν
730 985 845 1066 καὶ
803 1023 911 1086 ουτοι,
934 1022 1028 1078 οντες
1047 1000 1111 1080 ἐξ
1111 1005 1163 1066 κεί-

223 1127 303 1188 νου,
327 1127 372 1188 μη
394 1097 497 1187 μόνον
512 1093 571 1168 τόν
586 1100 783 1177 Ξεναινέτου
805 1097 899 1168 οἷκον
915 1091 1054 1168 πλέον”
1034 1126 1054 1185 η
1071 1096 1163 1167 τεττά-

224 1229 294 1291 ρων
315 1197 485 1270 ταλάντων
508 1202 653 1288 ἕξουσιν,
679 1193 762 1267 άλλά
785 1199 839 1268 καὶ
857 1196 956 1268 τόνδε
972 1196 1164 1288 προσλήψον·

224 1328 293 1390 ται,
313 1298 376 1389 ἐγώ
396 1301 433 1369 δέ
449 1305 506 1388 τῆς
522 1295 641 1390 μητρδς
658 1294 759 1388 ούσης
776 1306 892 1390 κυρίας
909 1301 964 1369 καὶ
984 1303 1020 1368 έιι
1037 1302 1102 1369 τοῖν
1118 1295 1164 1366 αύ-

224 1404 292 1471 τοῖν
314 1406 495 1492 Κυρονίδγ
517 1401 733 1489 γεγενημένος
757 1407 789 1469 εδ
810 1400 893 1487 μηδὲ
909 1397 968 1469 τόν
983 1402 1043 1488 τῆς
1060 1397 1164 1489 μητρός

206 1503 348 1591 κλῆρον
373 1498 535 1589 λήψομαι,
564 1502 619 1569 καὶ
641 1503 745 1570 ταῦτα
775 1501 860 1589 μηδὲ
889 1499 1033 1588 ἐχόντων
1055 1499 1164 1570 τούτων

174 1630 208 1680 24
226 1604 415 1690 ἐπενεγκεῖν
432 1597 511 1691 παρ’
529 1597 606 1670 ὅτου
624 1596 697 1672 ποτ’
716 1599 878 1689 εἰλήφασι.
914 1608 1021 1671 καίτοι
1040 1607 1163 1687 δίκαιον,

226 1691 254 1772 6
275 1698 410 1794 ἄνδρες,
436 1699 545 1791 ὥσπερ
566 1696 633 1772 τάν
656 1697 953 1790 ἀμφισβητησίμων
974 1709 1105 1793 χωρίων
1126 1707 1167 1780 δεῖ

225 1799 284 1874 τόν
307 1810 421 1892 ἔχοντα
443 1797 464 1890 ἢ
486 1805 589 1889 θέτην
610 1797 632 1890 ἢ
655 1805 805 1892 πρατῆρα
828 1804 1031 1891 παρέχεσθαι
1048 1797 1069 1890 ἢ
1086 1829 1164 1870 κατα-

228 1908 463 1993 δεδικασμένον
486 1913 684 1992 φαίνεσθαι,
709 1898 796 1972 οὕτω
818 1904 873 1972 καὶ
890 1901 1030 1984 τούτους
1047 1897 1164 1972 καθ’ἕν

225 2031 256 2072 τι
274 2003 401 2077 τούτων
417 2000 653 2093 άποφήναντας
671 1999 775 2073 αύτου
763 1999 905 2086 ἀξιοῦν
924 2002 1163 2088 ἐπιδικάζεσθαι,

225 2101 270 2192 μὴ
287 2132 350 2194 προ
339 2101 509 2192 δίκης
472 2133 534 2192 την
548 2099 759 2228 Ἀριστάρχου
774 2106 959 2193 θυγατέρα,
979 2101 1063 2192 ἐμὴν
1076 2103 1165 2190 δέρη

175 2219 208 2270 25
226 2209 319 2300 τέροι,
346 2210 382 2276 ἐκ
403 2235 470 2275 των
487 2205 650 2299 πατρῴων
667 2202 856 2292 ἐκβάλλειν.
884 2201 966 2273 ἀλλὰ
982 2203 1064 2293 γάρ,
1083 2193 1107 2272 6
1120 2199 1164 2270 άν-

229 2310 319 2432 δρες,
342 2302 403 2394 ούχ
426 2305 542 2377 ἱκανόν
565 2311 632 2378 ἐστι
653 2301 892 2398 Ξεναινέτῳ
858 2333 916 2374 τον
937 2301 1165 2395 Ἀριστομένους

227 2404 319 2474 οἶκον
336 2410 766 2531 καταπεπαιδεραστηκέναι,
779 2401 862 2475 άλλά
879 2407 933 2473 καὶ
944 2433 1064 2476 τουτον
1080 2413 1166 2474 οἴεται

229 2502 353 2574 δεῖν
318 2533 378 2574 τον
395 2502 635 2598 αὐτὸντρόπον
654 2515 828 2577 διαθεῖναι.
866 2501 999 2594 έγάδ,
1019 2534 1045 2574 ω
1034 2495 1166 2592 ἄνδρες

230 2610 396 2694 δικασταί,
420 2613 574 2697 βραχείας
596 2606 713 2688 ούσίας
740 2603 929 2697 ὑπαρξάσης
953 2602 1098 2695 ιἰδελφάς
1118 2603 1166 2692 μὲν

229 2702 424 2794 έξέδωκα,”
403 2727 466 2776 οσα
485 2706 652 2797 ἐδυνάμην
670 2706 816 2796 ἐπιδούς,
834 2705 970 2794 κόσμιον
989 2703 1022 2775 δ’
1042 2699 1166 2796 έμαυτὸν

228 2809 379 2896 παρέχων
396 2809 451 2878 καὶ
474 2813 578 2878 ποιων
595 2806 635 2878 τά
652 2805 917 2926 προσταττόμενα
940 2803 1049 2930 κρδ
1012 2835 1069 2886 τας
1085 2827 1167 2927 στρα-

226 2914 314 2985 τείας
338 2907 594 2997 στρατευόμενος
616 2905 696 2992 άξιῶ
717 2913 784 2978 τῶν
804 2911 862 2996 τῆς
879 2904 998 2998 μητρδς
1021 2903 1167 2998 πατρῴων

177 3023 210 3076 26
228 3031 272 3094 μη
289 3001 563 3098 ἀποστερηθῆναι.
587 3005 742 3093 ἀπέδειξα
760 3004 791 3078 δ’
809 3003 890 3097 ύμῖν
903 3013 1102 3098 Κυρωνίδην
1117 3005 1168 3094 μὲν

227 3103 285 3176 τόν
297 3105 424 3179 τούτων
435 3113 559 3199 πατέρα
571 3113 750 3238 ἐκποίητον
752 3107 932 3197 γενόμενον
945 3103 1049 3177 καὶ’
1011 3135 1072 3177 ουιι
1083 3111 1167 3176 έπαν·

230 3205 371 3276 ελθόντα
394 3215 440 3288 εἰς
462 3207 520 3280 τόν
543 3215 695 3302 πατρῷον
716 3210 825 3297 οἷκον,
848 3205 906 3278 τὸν
930 3209 968 3277 δέ
985 3201 1148 3297 πατέρα
1120 3231 1168 3273 τον

228 3312 430 3395 Κνροινίδου
455 3311 511 3377 καὶ
535 3314 592 3397 τῆς
620 3315 696 3398 ἐμῆς
714 3306 834 3398 μητρός
851 3307 1038 3398 Δημοχάρει
1055 3310 1102 3400 τῷ
1115 3303 1169 3393 υἱῷ

228 3407 346 3476 τούτου
368 3403 426 3476 τόν
448 3413 569 3494 κλῆρον
597 3409 832 3497 καταλιπόντα,
862 3410 991 3512 ἐκεῖνον
1018 3407 1055 3477 δὲ
1078 3409 1169 3476 παῖδα
