2460 3918
21 60 24 71 .
87 3 110 46 s

69 197 123 252 01³.
137 199 176 249 12.
377 199 480 250 ΤΠΕΡ
497 198 728 264 ΕΤΦΙΑΗΤΟΤ.
963 206 1024 268 153

69 385 143 450 ταῖς
160 376 370 460 μαρτυρίαις,
398 359 562 460 ῶόνδρες
582 377 749 459 δικασταί,
776 372 986 461 πρῶτονμὲν
1004 367 1025 461 ἡ

66 472 132 540 τού
147 466 340 560 Εὐφιλήτου
365 469 486 560 μήτηρ,
512 465 555 559 ἣν
571 461 662 542 ούτοι
687 466 904 560 ὀμολογούσιν
921 468 1025 562 ἀστὴν

67 569 176 659 εἶναι,
199 567 300 661 ὅρκον
321 566 440 660 ὀμόσαι
464 573 518 640 έπλ
534 576 597 642 τού
615 575 784 660 διαιτητοῦ
800 570 953 660 ἐβούλετο
972 576 1025 644 έπλ

66 678 242 764 Δελφινίῳ
268 659 291 759 ἦ
314 669 381 761 μην
406 675 536 742 τουτονὶ
554 669 746 761 Ιδόφίλητου
771 671 857 746 εἶναι
875 675 907 756 έξ
925 667 1026 760 αὐτῆς

45 774 128 856 ,καὶ
146 775 211 843 τού
226 767 386 862 ἡμετέρου
404 771 533 861 πατρός.
570 780 677 844 καίτοι
692 780 768 844 τίνα
785 777 930 865 προσῆκε
946 777 1025 863 μᾶλ-

65 881 128 942 λον
155 869 258 961 αύτης
286 876 412 962 έκείνης
436 877 531 944 τούτο
550 877 690 960 είδέναις
708 880 836 963 ἔπειτα,
861 865 1025 965 ῶόίνδρες

66 978 238 1062 δικασταί,
265 968 283 1044 ὁ
309 971 415 1064 πατὴρ
440 969 457 1044 ὁ
484 969 657 1064 ἡμέτερος,
683 969 723 1044 δν
749 973 835 1056 είκός
862 978 929 1046 ἐστι
945 972 1027 1064 μετό

64 1071 130 1160 την
147 1072 265 1145 τούτου
276 1077 399 1165 μητέρα
415 1071 532 1165 ’όίριστα
548 1070 1025 1165 τδναύτούυίόνγιγνῶσκειν,

66 1163 167 1254 ούτος
192 1177 248 1244 καὶ
265 1173 338 1244 τότε
363 1177 418 1244 καὶ
435 1177 515 1245 νυνὶ
532 1173 686 1262 βούλεται
703 1167 860 1265 ὀμόσαιῆ
875 1173 942 1264 μὴν
958 1172 1026 1246 Εύ-

67 1281 211 1362 φίλητον
227 1276 359 1345 τουτονὶ
384 1272 461 1345 υίόν
488 1275 574 1358 εἶναι
599 1271 704 1346 αύτού
729 1279 761 1358 ἐξ
779 1272 879 1363 ὀστης
896 1278 951 1346 καί
968 1305 1026 1363 γα·

67 1377 167 1463 μετῆς
184 1372 349 1462 γυναικός.
393 1373 475 1466 πρός
491 1374 620 1457 τούτοις
637 1384 768 1472 τοίνυν,
796 1365 960 1465 ῶᾶνδρες
978 1383 1026 1446 δι·
1045 1387 1078 1440 10

69 1483 204 1563 κασταί,
241 1472 304 1563 έγῶ
340 1472 519 1564 ἐτύγχανον
552 1478 614 1565 μέν
647 1481 931 1568 τρισκαιδεκαέτης
967 1472 1025 1566 ῶν,

73 1571 181 1665 ῶσπερ
207 1578 262 1644 καὶ
278 1573 439 1666 πρότερον
456 1574 566 1665 εἶπον,
592 1573 647 1646 ότε
663 1567 758 1659 οὗτος
777 1581 920 1667 ἐγένετο,
945 1581 1025 1649 ἕτοι·

73 1704 128 1764 μος
156 1671 188 1745 δ’
209 1677 276 1764 εἰμὶ
293 1671 411 1764 ὀμόσαι
436 1667 540 1767 ἥμην
556 1673 749 1766 Εὐφίλητον
773 1681 906 1749 τουτουὶ
930 1674 1026 1748 ὀδελ-

72 1774 135 1864 φόν
163 1776 247 1847 εἶναι
274 1778 418 1867 ἐμαυτοῦ
432 1772 640 1868 ὁμοπάτριον.
677 1775 776 1866 ῶστε,
796 1769 959 1866 ῶόυδρες
978 1785 1025 1848 δι-

68 1886 204 1966 κασταί,
244 1884 378 1960 δικαίως
416 1871 459 1948 ἂν
492 1880 548 1947 καὶ
580 1876 658 1958 τούς
695 1872 873 1966 ἡμετέρους
907 1875 1026 1968 ὅρκους

68 1980 281 2067 πιστοτέρους
307 1985 468 2067 νομίζοιτε
485 1973 506 2065 ἢ
523 1975 600 2058 τούς
621 1976 755 2047 ’τούτων
772 1976 905 2066 λόγους·
932 1973 1026 2068 ἡμεῖς

67 2079 130 2167 μὲν
146 2074 209 2166 γάρ
227 2073 372 2167 ἀκριβῶς
391 2075 515 2158 εἰδότες
532 2075 650 2167 ὀμόσαι
661 2081 737 2167 περὶ
755 2075 860 2149 αύτού
868 2081 1024 2167 θέλομεν,

68 2167 161 2248 οὗτοι
188 2179 225 2246 δὲ
250 2180 354 2247 ταῦτα
369 2173 544 2266 όκηκοότες
570 2175 659 2270 παρὰ
684 2181 751 2248 τῶν
767 2176 886 2249 τούτου
911 2178 1027 2269 διαφό-

68 2307 138 2368 ρων
163 2273 184 2366 ἢ
210 2274 304 2349 αὐτοὶ
330 2277 526 2359 πλάττοντες
550 2275 692 2367 λέγουσι.
733 2276 813 2367 πρός
832 2280 870 2348 δὲ
886 2278 1026 2369 τούτοις,
1044 2299 1075 2350 11

69 2369 96 2447 ῶ
113 2376 234 2471 ἅνδρες
253 2385 419 2466 δικασταί,
438 2374 532 2468 ἡμεῖς
542 2380 604 2469 μὲν
620 2376 697 2460 τούς
715 2396 887 2467 συγγενεῖς
904 2379 1026 2472 μύρτυ·

67 2508 129 2570 ρας
146 2483 201 2548 καὶ
220 2481 273 2548 ἐπὶ
289 2480 357 2549 τῶν
370 2482 546 2567 διαιτητῶν
556 2482 611 2550 καὶ
625 2475 682 2568 ἐφ’,
697 2475 792 2568 ὑμῶν
802 2479 1025 2571 παρεχόμεθα,

67 2576 118 2660 οἷς
144 2576 206 2650 οὐκ
232 2577 324 2663 ἄξιον
349 2576 514 2649 ἀπιστεῖν·
541 2570 632 2650 ούτοι
651 2582 705 2668 δέ,
738 2578 850 2668 ἐπειδὴ
878 2577 1026 2670 έλαχευό

68 2676 259 2770 Εύφίλητος
284 2678 346 2768 τὴν
374 2686 471 2768 δίκην
495 2677 557 2768 τὴν
582 2684 746 2772 προτέραν
771 2684 818 2773 τῷ
842 2685 945 2773 κοινῷ
960 2685 1027 2750 τῶν

69 2784 221 2869 δημοτῶν
248 2783 304 2850 καὶ
322 2784 369 2874 τῶ
385 2779 458 2851 τότε
476 2784 715 2871 δημαρχούντι,
742 2777 777 2862 ὃς
795 2782 860 2851 νύν
877 2779 1027 2851 τετελεύ-

66 2909 164 2970 τηκε,
184 2879 245 2951 δύο
264 2888 319 2970 ἔτη
336 2885 397 2952 τού
414 2886 583 2970 διαιτητού
599 2881 660 2970 τὴν
679 2888 809 2950 δίαιταν
819 2887 948 2970 ἔχοντος
966 2877 1028 2951 ούκ

69 2980 286 3069 ἐδυνήθησαν
312 2978 473 3070 ούδεμίαυ
498 2991 682 3073 μαρτυρίαν
710 2977 821 3072 εύρεῑν
847 2977 891 3063 ῶς
914 2978 1026 3052 οὑτοσὶ

67 3080 172 3152 ὀλλου
198 3079 287 3162 τινός
313 3079 434 3170 πατρός
462 3085 550 3152 έστιυ
576 3077 596 3170 ἢ
623 3084 683 3152 τού
699 3077 866 3172 ἡμετέρου.
902 3099 970 3164 τοῖς
990 3084 1027 3152 δὲ

69 3185 220 3253 διαιτῶσι
243 3184 381 3271 μέγιστα
398 3199 517 3271 σημεῖα
533 3173 576 3271 ἦν
593 3185 653 3252 τού
675 3181 860 3263 ψεύδεσθαι
877 3181 1025 3270 τούτους,

68 3285 125 3352 καὶ
152 3279 392 3372 κατεδιῄτησαν
418 3279 529 3354 αὐτῶν
554 3279 740 3372 ἀμφότεροι.
785 3291 854 3352 Καί
874 3311 928 3372 μοι
946 3283 1027 3370 λαβὲ

67 3386 127 3471 τῆς
145 3384 305 3475 προτέρας
324 3389 451 3471 διαίτης
468 3381 529 3471 τὴν
546 3391 738 3474 μαρτυρίαν.

452 3513 649 3565 MAPTTPIA.
