2466 3914
210 230 250 294 18
631 223 760 275 ιεειου
1066 223 1118 273 οι.
1141 221 1173 273 1.

209 426 271 468 νου
295 394 446 467 διάνοιαν
473 399 530 483 τῆς
557 390 713 486 ἡμετέρας
736 391 877 492 αύτοῐυ,1
895 391 1175 482 ἀποθνήσκοντες

212 500 249 568 δὲ
275 494 394 578 ἄλλους
423 494 645 586 κληρονόμους
675 494 904 584 ἐβουλήθημεν
938 495 1022 566 εἶναι
1052 491 1174 564 αύτῶν

156 614 190 663 47
208 601 334 689 μᾶλλον
355 593 375 685 ἢ
399 593 457 668 τόν
479 594 613 666 πάντων
635 594 844 666 οίκειότατου.
870 592 973 692 ,ὥσθ’
996 591 1081 684 ἡμᾶς
1104 596 1175 684 μὲν

210 703 246 770 ἐν
273 695 486 788 ἀμφοτέροις,
513 686 540 765 ά
567 693 703 786 ἄνδρες,
733 699 789 768 καλ
823 699 859 766 ἐν
887 700 934 789 τῷ
962 700 1078 767 δούυαι
1109 698 1174 764 καὶ

210 803 246 870 ἐν
268 801 315 892 πρό
336 800 451 884 λαβεῖν
472 804 614 878 οἰκείους
642 795 738 878 ὄντας
766 791 937 886 εύρήσετε,
965 795 1102 876 τούτους
1129 796 1172 864 δὲ

160 968 167 1000 ,
209 903 274 971 νύν
290 899 352 988 μὲν
368 893 668 986 ἀναισχυντυύυτας
685 900 740 968 καὶ
757 895 819 985 τήν
830 895 1014 985 οἰκειότητα
1031 899 1087 966 καὶ
1105 893 1176 983 τήν

210 996 399 1089 ἀγχιστείαν
422 999 591 1086 λέγοντας,
616 994 666 1068 ότι
689 995 858 1086 λήψεσθαί
871 1026 903 1067 τι
920 1000 1174 1086 προσδοκῶσιν·

212 1105 248 1171 ἐν
266 1099 304 1168 δὲ
325 1102 371 1191 τῷ
395 1100 512 1170 δοῦναι
534 1095 676 1179 πολλούς
697 1093 740 1168 ἀν
762 1097 818 1168 καί
839 1112 1011 1186 συγγενεῖς
1033 1099 1088 1167 καί
1111 1106 1174 1185 φί-

211 1210 288 1280 λους
307 1202 435 1270 ἐκείνου
452 1207 643 1290 προείλοντο
660 1200 885 1289 οἰκειοτέρους.

159 1315 192 1367 48
284 1298 476 1390 Κεφάλαιον
506 1300 543 1369 δὲ
564 1303 632 1369 τάν
655 1301 853 1389 εἰρημένων,
882 1287 911 1390 ιβ
931 1295 1056 1378 πάντας
1079 1292 1175 1386 ύμᾶς

209 1402 381 1491 προσέχειν
400 1406 454 1470 δεῖ
468 1397 526 1470 τόν
543 1401 640 1470 υούυ·
659 1395 726 1493 ὅσῳ
748 1397 812 1490 γάρ
834 1394 876 1469 ἀν
892 1402 997 1468 ταύτα
1013 1401 1174 1486 λέγοντες

210 1497 419 1589 ἀποφαίνωσι
442 1502 497 1570 καὶ
520 1503 697 1591 πειρῶνται
720 1509 852 1570 πείθειν
873 1493 960 1588 ὑμᾶς
978 1493 1022 1579 ὥς
1040 1503 1176 1578 ἐκεῖνος

211 1603 341 1671 διέθετο
359 1599 478 1681 ταύτας
495 1596 553 1681 τὰς
572 1597 734 1688 διαθήκας
751 1601 807 1669 καὶ
824 1595 905 1670 οὐδὲ
922 1597 1053 1669 πώποτε
1070 1595 1176 1667 ύστεη

211 1729 270 1792 ρον
293 1697 384 1793 αύτῷ
411 1703 623 1790 μετεμέλησε,
651 1703 706 1770 καὶ
729 1704 793 1771 νύν
821 1700 883 1789 μὲν
907 1697 1060 1787 ἐβούλετο
1082 1694 1175 1788 ἡμεῖς

210 1803 315 1891 μηδὲν
331 1806 399 1872 τάν
416 1797 522 1871 αύτού
537 1808 669 1889 λαβεῖν,
691 1808 785 1889 σφίσι
804 1796 836 1870 δ’
852 1796 967 1880 ἀὐτοῖς
985 1803 1174 1887 βεβαιῶσαι

159 1921 192 1971 49
210 1899 270 1990 τήν
289 1900 433 1993 δωρεάν,
452 1904 626 1971 καὶταῦτα
643 1899 749 1971 πάντα
765 1904 915 1989 λέγοντες
931 1903 987 1970 καὶ
1007 1904 1174 1989 διισχυρι-

210 2001 337 2092 ζόμενοι
364 2005 544 2092 μηδέτερον
566 1998 792 2090 ἀποφαίνωσι,
823 1997 906 2090 μήθ’
932 1996 976 2081 άς
1001 2003 1173 2090 ἐγγυτέρω
1227 2063 1228 2080 ,

209 2107 257 2196 τῷ
272 2105 361 2191 γένει
379 2099 580 2192 προσήκουσι
596 2097 678 2192 μήθ’
698 2097 742 2183 άς
758 2099 956 2191 οἰκειότερον
972 2095 1067 2189 ἡμῶν
1085 2098 1174 2190 πρός
1227 2093 1228 2173 λ

209 2202 413 2292 Κλεώνυμον
431 2205 606 2291 διέκειντο,
630 2197 723 2291 ύμεῖς
747 2206 950 2290 ἐνθυμεῖσθε
967 2197 1017 2271 ότι
1036 2203 1175 2270 ἐκείνου

211 2306 467 2393 κατηγορούσιυ,
491 2299 564 2371 ἀλλ’
589 2298 649 2391 ούχ
673 2298 716 2382 άς
741 2300 870 2371 δίκαιόν
888 2305 955 2370 ἐστι
977 2297 1015 2370 τό
1033 2303 1175 2391 πρᾶγμα

156 2425 193 2475 50
211 2400 425 2472 διδάσκουσιν
441 2397 534 2490 ύμᾶς.
566 2398 650 2472 ὥσθ’
669 2397 763 2490 ύμεῖς
780 2397 860 2471 ὅταν
876 2402 938 2489 μὲν
954 2417 1024 2482 τοῖς
1036 2399 1174 2471 τούτων

211 2499 319 2588 λόγοις
341 2500 529 2590 πιστεύητε,
554 2498 595 2571 ού
616 2499 753 2581 τούτους
774 2499 931 2592 προσήκει
948 2504 1084 2589 ποιήσαι
1101 2505 1175 2572 τῶν

212 2604 341 2670 ἐκείνου
370 2599 610 2691 κληρονόμους,
644 2598 726 2670 ἀλλά
754 2599 938 2691 παράνοιαν
960 2599 1175 2690 Κλεωνύμου

211 2699 504 2789 καταγιγνώσκειν,
526 2697 606 2770 ὅταν
625 2702 666 2785 ,δέ
688 2717 756 2782 τοῖς
772 2696 958 2792 ἡμετέροις,
983 2700 1117 2772 ἐκεῖνόν
1137 2728 1175 2771 τε
1224 2775 1225 2782 ¹

211 2808 354 2889 νομίζειν
377 2797 487 2891 ὀρθάς
517 2804 761 2888 βεβουλεῦσθαι
792 2804 891 2871 λύσαι
920 2798 977 2882 τάς
1003 2800 1174 2890 διαθήκας
1224 2789 1225 2861 λ

211 2900 429 2990 βουλόμενον,
453 2896 536 2990 ἡμᾶς
559 2928 594 2970 τε
617 2899 661 2990 μή
686 2915 908 2990 συκοφαντεῖν
930 2897 1012 2971 ἀλλά
1032 2907 1176 2982 δικαίως

159 3014 191 3064 51
211 2999 338 3071 τούτων
355 2997 584 3090 ἀμφισβητεῖν.
615 3008 742 3091 ἔπειτα,
762 2992 941 3092 ύάνδρες,
962 3005 1176 3090 ἐνθυμεῖσθε
1223 3037 1224 3091 η

211 3097 260 3170 ότι
278 3097 338 3190 ούχ
361 3097 433 3171 οἷόν
454 3129 490 3170 τε
507 3096 587 3189 ύμῖν
610 3104 676 3172 ἐστι
694 3099 776 3172 κατά
798 3098 875 3182 τούς
897 3100 1025 3172 τούτων
1049 3100 1175 3190 λόγους
1222 3163 1223 3180 ,

212 3203 337 3288 γνῶυαι
355 3205 430 3291 περὶ
449 3197 568 3270 αύτύυ.
605 3199 738 3273 πάντων
754 3199 816 3292 γάρ
834 3195 876 3270 ἀν
895 3211 945 3290 εῖη
964 3200 1172 3291 δεινότατον,

213 3308 243 3370 εί
259 3303 325 3370 τόν
349 3298 527 3372 ἀντιδίκων
549 3299 800 3388 γιγνωσκόντων
821 3295 904 3390 ήμάς
928 3307 1059 3371 δίκαιον
1084 3302 1173 3374 εἶναι

211 3397 249 3470 τό
266 3403 361 3492 μέρος
384 3397 495 3471 αύτοόυ
516 3407 648 3490 λαβεῖν,
671 3397 765 3489 ὑμεῖς
788 3397 907 3472 ἅπαντ’
932 3397 1056 3482 αύτούς
1082 3409 1173 3492 ἔχειν

212 3509 435 3591 ψηφίσαισθε,
453 3503 508 3572 καί
519 3499 656 3582 τούτους
669 3501 730 3591 μὲν
740 3497 923 3590 ἡγήσαισθε
934 3505 1051 3591 χρῆναι
1065 3511 1172 3572 πλείω
1220 3577 1221 3594 ,
