2466 3914
220 735 566 862 l’RAEFATIO
601 736 865 814 ORITIOA.

481 924 616 934 --..

148 1057 229 1108 Anno
249 1048 394 1123 superiore
415 1047 485 1104 edidi
496 1046 755 1104 commentationem
770 1048 890 1106 criticam
905 1051 938 1108 de
956 1052 1023 1110 lsaei

67 1134 238 1194 orationibus
262 1132 457 1207 programmati
471 1130 602 1205 gymnasii
618 1130 807 1188 Vitzthumiani
825 1135 897 1207 quod
910 1135 1024 1194 ltresdae

69 1227 111 1277 est
127 1220 273 1280 insertam,
296 1216 325 1272 in
341 1233 393 1289 qua
409 1233 469 1272 cum
488 1215 659 1291 quaestiones
673 1215 799 1288 quasdam
814 1217 892 1292 attigi
908 1235 975 1292 quac
991 1223 1024 1277 ad

67 1304 219 1360 universam
233 1300 406 1376 pertinerent
420 1307 505 1355 artem
519 1298 638 1355 criticam
652 1299 680 1354 in
692 1300 744 1355 hoc
758 1307 867 1358 oratore
881 1311 955 1359 recte
969 1304 1024 1361 lac·

66 1387 204 1449 litandam.
222 1396 281 1441 tum
296 1383 457 1458 pertractavi
475 1381 642 1440 difficiliores
662 1381 766 1456 aliquot
780 1383 856 1441 locos
871 1392 897 1441 et
911 1403 1024 1462 corrup-

64 1480 109 1527 tos
134 1471 247 1544 quidem
266 1486 320 1544 pro
339 1467 409 1523 virili
426 1475 502 1542 parte
525 1484 634 1541 operam
655 1467 715 1523 dedi
733 1475 763 1523 ut
787 1485 915 1526 sanarem.
951 1468 1024 1538 Quo-

63 1557 137 1611 niam
152 1562 244 1610 antem
256 1551 436 1626 scriptionum
447 1551 665 1608 scholasticarum
677 1559 774 1607 natura
788 1553 841 1608 lert
851 1560 878 1609 et
890 1553 1022 1617 condicio.

63 1639 140 1695 utin
158 1653 310 1711 paucorum
325 1653 420 1692 manus
437 1635 557 1698 veniant,
576 1651 608 1692 ea
622 1651 690 1708 quae
705 1635 738 1691 ab
752 1635 830 1693 initio
846 1636 919 1693 illius
937 1637 1024 1694 libelli

64 1721 215 1796 disputari,
240 1737 302 1776 cum
320 1719 348 1775 in
363 1720 422 1794 ipsa
434 1719 500 1775 lsaei
515 1719 633 1776 editione
648 1718 737 1776 locum
751 1720 850 1777 hahere
868 1721 1024 1778 riderentur

64 1824 145 1880 quam
161 1805 276 1863 maxime
288 1804 430 1865 idoneum,
447 1811 569 1877 repetere
582 1802 728 1865 constitui,
747 1803 784 1860 ita
798 1813 899 1867 tamen.
918 1813 948 1861 ut
961 1823 1023 1878 par-

65 1891 113 1947 tim
144 1905 274 1963 augerem
302 1905 333 1944 ea
353 1895 381 1943 et
407 1886 611 1963 amplificarem,
639 1886 738 1960 partim
762 1896 892 1946 mutarem
915 1894 942 1945 et
963 1906 1024 1944 cor·

63 1991 192 2048 rigerem.

472 2083 622 2094 ..μυ-...-

153 2207 251 2266 Causae
273 2207 451 2264 hereditariae
472 2223 532 2263 cum
552 2215 648 2263 natura
670 2224 719 2262 sua
741 2223 821 2279 saepe
843 2215 896 2263 tam
910 2206 1027 2282 conpli-

64 2301 141 2350 catae
159 2293 214 2349 sint
231 2301 258 2350 et
274 2292 432 2353 intricatae,
453 2299 484 2346 ut
498 2307 543 2348 eas
563 2292 685 2348 evolvere
700 2297 728 2346 et
741 2291 865 2364 expedire
879 2293 1021 2348 admodum

63 2376 173 2433 difficile
188 2394 250 2434 esse
264 2375 400 2438 videatur,
415 2374 512 2430 mirum
530 2391 585 2430 non
600 2383 643 2432 est
658 2376 729 2448 quod
748 2373 775 2429 in
791 2375 858 2432 lsaei
874 2378 1020 2439 orationes,

65 2479 78 2517 e
93 2461 192 2534 quibus
208 2460 355 2534 pleraeque
369 2475 469 2521 omnes,
486 2475 554 2531 quac
567 2459 671 2532 quidem
683 2459 803 2532 integrae
810 2454 839 2532 *l
854 2460 887 2515 ad
900 2468 1021 2516 nostram

129 2622 158 2689 *J
183 2625 291 2674 Orationi
315 2625 452 2674 undecimae
475 2639 533 2687 quae
556 2631 590 2672 est
612 2625 641 2673 da
662 2625 766 2686 Hagniae
786 2620 916 2673 hereditate
933 2624 1022 2688 aliquid

64 2693 147 2742 deesse
165 2701 189 2741 et
208 2708 235 2741 ex
254 2708 281 2740 eo
300 2699 395 2755 apparet
412 2692 484 2754 quod
503 2706 556 2740 cum
572 2691 706 2755 promiserit
717 2697 783 2740 actor
794 2705 821 2739 se
831 2691 861 2739 de
873 2692 1021 2741 facultatibus

63 2775 121 2822 quae
140 2761 177 2809 ab
190 2759 335 2809 adversariis
353 2759 705 2835 celenturdeincepsdictprum
723 2755 751 2820 (8
768 2764 801 2806 44.
820 2746 885 2806 dtt’
902 2771 1021 2834 oqsspov

63 2822 128 2890 περὶ
146 2843 206 2875 των
223 2815 535 2888 παρακλεπτομένων
519 2819 577 2874 υπὸ
594 2815 700 2874 τούτων
722 2815 875 2888 ποιήσομαι
892 2839 958 2882 τους
975 2815 1022 2874 lo'-

63 2893 156 2956 γους),
182 2895 245 2942 nihil
263 2894 332 2942 tale
326 2908 351 2943 ru
369 2893 420 2955 ipsa
444 2893 548 2942 oratione
565 2899 770 2942 commemoratum
787 2893 902 2955 reperitur
919 2899 942 2941 et
958 2891 1022 2954 quod

64 2963 139 3010 omnis
157 2961 307 3010 desideratur
325 2960 448 3022 peroratio.
484 2959 559 3017 Quare
576 2958 637 3022 quod
660 2960 797 3009 auctoritate
814 2959 922 3008 codicum
939 2974 1021 3022 quam-

66 3029 99 3076 ris
120 3029 267 3092 optimorum
289 3028 325 3076 ΑΒ
347 3027 419 3076 lretus
441 3027 551 3076 omiserat
572 3027 638 3074 lmm.
657 3027 776 3076 ficklerus
797 3032 897 3074 extrenm
915 3027 1021 3075 oratione

63 3095 248 3145 additamentum
268 3089 418 3149 ΛΕΙΠΕΙ,
442 3087 601 3143 detruncata‘m
623 3093 681 3142 illud
703 3092 796 3156 quidem
818 3093 944 3154 designans
966 3109 1020 3142 ora·

63 3163 162 3219 tionem,
187 3169 254 3211 recte
272 3168 306 3209 est
323 3176 337 3209 a
354 3161 444 3209 criticis
461 3161 628 3210 l’uricensibus
649 3168 790 3210 revocatum.
825 3159 887 3218 Quae
898 3168 974 3209 autem
992 3173 1021 3210 ex

63 3237 128 3291 parte
150 3237 243 3278 tantum
265 3235 357 3276 servata
380 3234 414 3275 est
431 3243 444 3275 a
462 3228 573 3290 llionysio
595 3227 646 3276 llal.
671 3226 712 3289 (dc
734 3227 865 3277 oratoribus
889 3235 931 3276 vet.
952 3228 975 3275 V.
994 3242 1019 3293 p.

64 3303 100 3345 tls
120 3311 175 3375 sqq.
202 3303 227 3344 et
249 3302 308 3345 orat.
332 3285 415 3345 Graed.
439 3295 484 3344 Vll.
501 3311 526 3373 p
546 3303 581 3343 ³51
600 3308 651 3358 sqq.
668 3293 758 3355 lleisk.)
777 3295 851 3344 oratio
869 3295 1021 3343 duodecimae

66 3364 160 3412 nomine
178 3363 261 3412 hodie
267 3363 379 3422 insignita
398 3368 420 3409 et
437 3363 520 3410 ceteris
532 3363 627 3411 adiecta
645 3362 789 3412 orationihus
807 3362 909 3422 integris
929 3377 955 3411 ea
973 3375 1020 3411 rion

67 3431 166 3492 pertinet
178 3431 208 3478 ad
219 3431 273 3478 lites
286 3429 451 3486 hereditarias,
470 3430 512 3477 sed
525 3430 555 3478 ad
567 3443 661 3478 cansam
673 3429 815 3492 Euphiletl
809 3444 834 3477 in
847 3425 1019 3493 ὃιαψηφισει

69 3510 80 3544 a
96 3498 198 3560 paganis
212 3498 293 3546 eiecti
