2460 3918
153 141 155 162 Ι
194 215 254 280 138
602 195 729 250 ιειιου
799 187 805 214 ·
997 185 1088 237 οι.
1108 182 1155 240 11.

190 378 321 470 Ἀγνίας
338 366 417 462 ούν,
435 370 490 444 ὅτε
509 373 640 440 ἐκτλείν
658 341 914 484 τιαρεσκενηίζετο
932 355 1156 450 πρεσβεύσων

196 483 248 552 ἐπὶ
277 475 397 556 ταύτας
424 470 481 554 τὰς
509 467 641 559 ιιρύξεις
668 473 704 535 αλ
724 469 765 554 τῇ
793 460 885 532 πόλει
915 455 1156 548 συμφερόντως

196 582 388 700 είχον,μυκ
326 569 458 663 ούκέφ’
477 566 556 660 ἡμῖν
573 583 642 648 τοῖς
660 563 819 688 ἐγγύτατα
835 564 970 650 γίνους,
996 569 1030 627 εί
1043 586 1074 626 τι
1092 554 1157 625 πύ-

196 693 269 767 θοι,
292 675 333 747 τό
361 673 441 746 ὄντα
468 673 656 754 κατέλιπεν,
687 661 761 734 ἄλλ’
788 659 960 750 ἐποιήσατο
984 659 1160 745 δυγατίρα

198 776 299 850 αύτου
287 774 521 899 ἀδελφιδῆν·
549 774 623 839 είδ
566 770 692 839 ίδέτι
715 767 769 834 καὶ
793 759 877 849 αύτή
901 759 1023 847 πάθοι,
1047 755 1160 846 Γλαύ-

198 907 279 950 κωνι
301 874 341 947 τό
362 874 442 946 ὄντα
465 875 594 957 ἐδίδου,
622 861 795 958 ἆδελφηῐ”
776 891 848 934 οντι
869 857 1073 952 ὁμομητρίῳ·
1102 859 1162 924 καὶ

164 975 291 1059 9ταύτ’
313 981 349 1046 ἐν
368 971 542 1060 διαθήκαις
561 971 728 1057 ἐνέγραψε.
763 961 893 1054 χρόνων
912 961 948 1031 66
967 959 1162 1048 διαγενομέ-
1179 1017 1182 1030 ,

198 1107 268 1149 νων
290 1073 370 1166 μετὰ
391 1077 495 1144 ταύτα
516 1071 652 1159 τελευτᾷ
679 1067 740 1156 μὲν
761 1060 989 1152 Εὐβουλίδης,
1019 1061 1164 1147 τελευτᾷ

202 1174 233 1247 δ’
263 1174 283 1265 ή
312 1173 464 1264 θυγάτηρ
492 1167 536 1260 ήν
565 1165 736 1255 ἐποιήσατο
754 1159 905 1283 Ἀγνίας,
933 1157 1097 1280 λαμβχίνει
1125 1157 1165 1226 δε

200 1277 259 1348 τόν
281 1281 403 1399 κλήρρν
426 1270 589 1344 Γλαύκων
611 1265 693 1338 κατὰ
715 1262 776 1353 τήν
801 1260 975 1350 διαθήκην
1010 1254 1108 1347 ημεῑς
1128 1254 1163 1326 δ

200 1375 243 1449 ού
260 1376 373 1447 τύτοτ
376 1369 588 1496 ’ἠξιώσαμεν
599 1364 843 1457 ἀμφισβητῆσαι
854 1359 936 1453 τιρδς
952 1357 1011 1441 τὰς
1030 1363 1165 1428 ἐκείνου

202 1476 383 1563 διαθήκας,
412 1468 484 1593 666'
515 1467 647 1563 ηόόμεθα
677 1472 749 1536 δεῖν
776 1466 854 1553 περὶ
881 1490 948 1532 των
971 1456 1079 1531 αύτοιῑ
1101 1455 1167 1546 τήν

202 1581 332 1647 ἐκείνου
356 1571 493 1662 γνοόμηυ
516 1570 601 1640 εἶναι
623 1574 759 1656 κυρίαν,
782 1565 837 1633 καὶ
858 1560 987 1642 τούτοις
1013 1563 1166 1650 ίυεμένο

203 1704 273 1765 μεν.
309 1703 329 1797 η
318 1671 380 1743 “’δ
399 1669 551 1760 Εύβουλί
536 1674 611 1740 ίδου
627 1664 778 1754 δνγύτηρ
790 1661 871 1754 μετὰ
887 1691 954 1735 των
977 1657 1065 1751 αύτή
1081 1681 1167 1748 συμ-

203 1774 414 1866 πραττόντων
432 1768 584 1893 λαγχάνει
601 1795 661 1837 του
649 1763 800 1855 κλήρου
818 1766 874 1834 καὶ
892 1760 1054 1851 λαμβύυει
1071 1758 1168 1847 νική-

203 1897 290 1946 σασα
306 1871 383 1953 τούς
401 1868 483 1942 κατίι
498 1868 560 1958 τήν
579 1865 745 1955 διαθήκην
757 1861 1083 1955 ἀμφισβητήσαντας,
1102 1867 1167 1942 ἕξω

204 1977 272 2098 μὲν
290 1960 375 2044 ούσα
403 1975 461 2060 τής
485 1967 685 2092 ἀγχιστείας,
716 1970 874 2035 ἐλπίσασα
898 1960 930 2033 δ
956 1956 1017 2052 (ὦς
1042 1958 1167 2048 ἔοικεν)

205 2071 289 2197 ήμᾶς
317 2071 398 2164 ιιρός
429 2067 537 2157 αύτήν
558 2065 621 2139 ούκ
643 2060 925 2153 ἀντιδικήσειν,’”
906 2091 956 2133 οτι
978 2059 1062 2132 ούδὲ
1083 2058 1169 2150 πρὸς

158 2204 191 2255 10
206 2173 264 2255 τὰς
288 2171 449 2261 διαθήκας
472 2166 774 2259 ήμφισβηιήσαμεν.
820 2159 916 2253 ήμελς
941 2166 994 2251 δέ,
1021 2157 1085 2250 ἐγω
1111 2163 1170 2230 καὶ

207 2281 369 2364 Στρατίος
392 2273 448 2341 καὶ
465 2271 690 2360 Στρατοκλῆς,
714 2262 827 2352 ἐπειδή
844 2281 913 2344 τοῖς
933 2257 1095 2352 ἐγγύτατα
1112 2264 1170 2348 γε’-

207 2401 287 2453 νους
317 2375 487 2460 ἐγεγένητο
512 2362 698 2448 ίαίδικοςὸ
724 2368 859 2456 κλῆρος,
883 2361 1172 2486 παρεσκευάζοντο

205 2469 350 2553 ἅπαντες
362 2469 554 2560 λαγχάνειν·
573 2471 652 2560 πρὶν
672 2467 708 2536 δὲ
724 2462 935 2553 γενέσθαι
898 2491 956 2544 τας
973 2462 1082 2551 λήξεα
1101 2490 1173 2582 τωη

210 2575 312 2642 δικων
339 2565 420 2660 ἡμῖν
441 2573 578 2660 τελευτᾷ
599 2562 698 2690 μδη
682 2594 700 2635 ο
723 2572 913 2686 Στρατίος,
931 2567 1071 2686 τελευτᾷ
1096 2557 1173 2631 δ’ὁ

139 2703 142 2710 ·
208 2673 434 2762 Στρατοκλῆς,
453 2664 654 2757 λείπομαιδ’
675 2663 737 2754 ἐγιό
750 2663 849 2788 μόνος
866 2693 933 2735 των
951 2661 1034 2754 πρός
1047 2660 1174 2753 πατρός

210 2800 259 2841 ων
275 2767 417 2853 ύνεψιοῦ
433 2786 553 2890 ταῖς,
541 2758 568 2838 τό
584 2767 675 2860 μόνῳ
686 2763 767 2835 κατὰ
783 2762 861 2844 τούς
878 2763 1001 2853 νόμους
1022 2768 1175 2852 ἐγίγνετο

209 2898 230 2957 η
219 2866 463 2958 κληρονομία,
481 2867 615 2939 πάντων
626 2865 691 2956 ήδη
708 2893 775 2936 των
791 2861 903 2935 ἄλλων
916 2862 1174 2950 ἐκλελοιπότων,

210 2977 244 3038 οἳ
258 2965 378 3040 ταύτόν
397 2972 466 3059 ἐμοὶ
482 2998 523 3059 τη
512 2973 720 3057 συγγενείᾳ
737 2965 959 3055 προσήκοντες
978 2962 1175 3054 ἐτύγχανον.

162 3102 193 3155 11
210 3095 255 3159 τρο
244 3069 319 3137 66
340 3068 512 3157 γνώσεσθε
538 3065 655 3156 τοῦθ’,
691 3063 741 3136 ότι
764 3068 886 3188 ἑμοὶμ
887 3061 967 3136 δυ’
948 3063 1176 3196 αγχιστεύειν,

211 3143 331 3246 τόῒςδ’
351 3171 538 3289 ἐξέκείνωη
559 3165 731 3290 γεγονόσιν
753 3161 815 3235 ούκ
832 3155 892 3254 ήν,
918 3161 1006 3236 ἐν
971 3196 1003 3236 οι
991 3195 1021 3246 ις
1039 3193 1140 3244 ουτος
1157 3159 1177 3232 6

213 3282 289 3345 παῖς
313 3257 373 3354 6113
399 3263 497 3348 αύτός
523 3263 541 3336 6
564 3267 663 3357 νόμος
682 3264 831 3353 δηλοόσει.
867 3294 904 3335 το
894 3263 1043 3357 μὲν
1001 3295 1068 3356 γαρ
1087 3265 1178 3335 εἶναι

212 3361 273 3451 τήν
296 3361 483 3452 ἀγχιστείαν
506 3362 654 3450 ύυεψιοίς
671 3363 752 3456 πρός
770 3363 891 3455 πατρός
907 3371 1003 3456 μέχρι
1021 3361 1179 3448 αἰνεψιων

212 3469 343 3532 παίδων
363 3458 568 3552 ὁμολογεῖται
591 3463 679 3556 ιταρύ
702 3463 850 3557 αύυτων·
875 3474 906 3536 εί
930 3467 967 3536 δὲ
989 3462 1071 3554 μεθ’
1090 3460 1182 3554 ήμας
