2466 3914
390 125 596 180 PRAEFATIO
613 125 771 182 elumen.

69 303 102 359 in
127 301 227 363 seriem
246 301 391 358 verborum
413 310 549 376 tamquam
574 318 630 357 non
650 301 757 358 inventa
776 307 991 373 conquereretur
1008 319 1039 374 ac

68 385 247 462 postliminio
274 387 302 441 in
321 387 438 442 medium
460 388 604 461 proterret.
643 385 676 441 lli
702 401 795 441 omnes
811 401 969 458 quamquam
987 403 1038 460 pro

70 489 125 527 sua
141 470 259 544 quisque
273 478 351 544 parte
367 487 477 544 operam
492 470 625 527 dederunt
639 477 671 526 ut
686 467 842 527 emendatus
855 470 978 543 prodiret
995 488 1038 527 sa·

71 554 218 627 lebrisque
230 562 365 628 purgatus
378 554 482 618 lsaeus,
505 562 593 610 tamen
611 554 729 610 nondum
745 554 782 608 ita
796 553 828 609 ad
841 569 958 627 unguem
974 571 1038 628 per·

70 637 182 713 politus
203 644 263 699 est,
284 647 315 694 ut
331 637 433 712 ubique
453 637 579 695 isocratis
596 637 759 713 discipulum
775 645 802 692 et
815 636 974 710 magistrum
988 639 1037 695 lte-

70 720 228 778 mosthenis
243 729 271 777 et
287 721 415 796 Lysiacae
434 721 605 796 eloquentiae
620 721 753 778 aemulum
774 738 914 794 agnoscas.
944 721 1037 796 Neque

71 806 99 861 id
114 806 229 868 mirum,
252 823 313 862 cnm
334 805 472 862 codicibus
488 824 569 863 manu
590 807 699 880 scriptis
715 822 802 880 neque
821 805 913 861 multis
929 814 1037 863 utamur

71 907 167 964 neque
196 888 284 946 bonis.
324 889 416 946 Nihilo
441 891 529 950 secius
556 889 654 947 velex
679 907 773 946 eornm
797 889 918 963 vestigiis
940 891 1038 948 emicat

71 974 181 1030 Isaeum
201 990 270 1047 pure
284 973 439 1037 emendate,
462 973 600 1048 eleganter
616 982 744 1036 venuste,
759 974 875 1047 denique
891 975 980 1032 Attice
995 975 1036 1032 lo·

69 1065 170 1114 cutum
186 1074 254 1113 esse.

160 1141 254 1214 ltaque
270 1141 294 1197 si
309 1141 426 1216 primum
440 1142 474 1199 de
491 1143 617 1199 formis
631 1141 824 1199 vocabulorum
841 1143 957 1216 quaeris,
967 1155 1036 1200 eon-

69 1232 236 1281 sentaueum
256 1235 298 1281 est
321 1242 376 1281 non
401 1226 467 1282 alias
493 1243 554 1284 eum
571 1226 623 1283 sibi
647 1225 815 1301 usurpandas
831 1227 968 1301 putavisse
983 1229 1036 1284 nisi

72 1325 146 1382 quae
167 1309 286 1364 Atticum
300 1310 413 1365 maxime
435 1311 563 1369 decerent
578 1328 666 1384 neque
682 1311 795 1367 eundem
810 1311 863 1366 hoc
876 1308 958 1366 illove
973 1310 1034 1368 loco

73 1402 214 1465 tamquam
230 1393 272 1448 sui
291 1392 406 1449 oblitum
419 1393 447 1449 in
466 1412 495 1451 se
515 1395 653 1452 admisisse
670 1403 701 1451 nt
716 1393 816 1451 talibus
831 1401 954 1450 uteretur
966 1412 1036 1469 quae

71 1476 158 1550 longe
183 1475 317 1533 distarent
342 1477 375 1533 ab
395 1495 446 1534 usu
461 1478 614 1537 Atticorum
635 1488 663 1536 et
687 1477 891 1536 consuetudine.
928 1477 1034 1553 linquo

70 1577 178 1634 genere
193 1569 257 1616 sunt
270 1559 316 1616 illa
331 1553 527 1617 καθιστάνειν
539 1558 589 1638 (or,
603 1570 628 1622 2.
644 1564 662 1635 S
676 1571 717 1624 29.
736 1562 830 1619 Cobeti
845 1570 913 1619 orat.
929 1563 961 1619 de
977 1572 1035 1620 arte

73 1646 192 1718 interpr.
214 1662 242 1719 p.
269 1651 317 1708 92,
336 1662 387 1701 nos
404 1645 431 1701 in
445 1647 558 1720 praelat.
573 1649 606 1703 ad
621 1647 726 1721 Lysiam
741 1665 768 1720 p.
784 1645 841 1719 Vl),
859 1632 961 1714 οὐθείς
980 1665 1034 1721 μη-

74 1723 143 1795 θείς
170 1721 335 1803 μηθέτερον
356 1727 542 1802 (Schoemann.
565 1732 598 1788 ad
624 1748 663 1787 or.
687 1737 712 1794 7,
733 1731 751 1802 S
771 1727 838 1805 29.),
864 1727 1035 1804 ψηφίσεσθε

74 1812 128 1885 (or.
154 1819 180 1870 1.
202 1813 221 1885 S
242 1811 302 1885 51),
324 1803 469 1886 ἐφόρεσαν
490 1813 542 1887 (or.
561 1822 587 1874 4.
611 1813 695 1888 Sl),
716 1803 835 1882 ὅξαντες
857 1816 1034 1887 or.4.§10,

74 1897 129 1953 alia
144 1896 204 1952 eius
218 1897 304 1960 modi.
319 1915 387 1971 quae
401 1915 479 1954 nemo
493 1899 571 1955 facile
592 1899 645 1956 erit
659 1899 741 1955 hodie
757 1899 822 1972 quin
837 1899 1035 1956 condemnanda

75 1998 138 2037 esse
156 1980 270 2042 iudicet,
286 1982 338 2038 nisi
356 1982 402 2055 qui
418 1983 522 2054 quidvis
535 1984 669 2057 patienter
686 1983 753 2038 lerri
769 1981 869 2038 debere
882 1982 1034 2056 praefracte

76 2064 261 2127 contenderit,
291 2065 363 2139 quod
388 2065 492 2122 librarii
520 2075 567 2122 aut
594 2083 626 2123 ex
653 2066 791 2120 inferioris
816 2066 912 2121 aetatis
934 2067 1035 2123 aut‘ex

77 2148 191 2205 aliarum
210 2148 345 2221 gentium,
367 2149 479 2205 maxime
500 2149 683 2211 Macedonum.
708 2148 843 2204 scribendi
863 2165 944 2222 prava
970 2167 1036 2206 con-

77 2231 221 2288 suetudine
243 2239 290 2289 aut
312 2233 394 2289 etiam
415 2249 447 2288 ex
468 2233 511 2288 sui
534 2234 655 2306 ipsorum
677 2233 807 2308 temporis
828 2231 994 2291 obscuritate
1007 2243 1035 2291 et

77 2315 201 2372 barbarie
216 2315 243 2370 in
259 2317 420 2390 scriptorem
433 2333 512 2372 suum
525 2316 649 2373 invehere
665 2333 720 2372 non
733 2316 932 2374 dubitaverunt.
959 2317 980 2372 ll
994 2323 1034 2376 ta·

77 2398 148 2456 libus
167 2399 254 2472 igitur
278 2400 403 2456 sordibus
426 2418 441 2456 a
461 2399 558 2456 scribis
581 2399 678 2456 oblatis
698 2409 726 2456 et
745 2399 858 2457 fidenter
876 2405 1034 2475 propagatis

77 2501 138 2540 cum
151 2484 295 2540 manifesto
310 2491 423 2558 apparet
440 2501 519 2557 quam
539 2492 663 2557 suspecta
678 2483 714 2539 sit
728 2491 809 2556 atque
830 2483 934 2540 infirma
948 2484 1034 2542 libro-

79 2584 138 2624 rum
157 2567 418 2641 manuscriptorum
437 2569 464 2623 in
481 2568 524 2624 his
538 2567 619 2624 rebus
633 2566 715 2629 fides,
732 2576 789 2622 tum
806 2567 960 2624 coniectura
975 2569 1033 2625 lieri

80 2650 156 2707 lacile
170 2659 263 2725 potest
280 2652 343 2724 quid
361 2652 398 2707 sit
411 2653 444 2708 de
459 2655 556 2708 ceteris
571 2651 666 2708 formis
679 2649 843 2712 habendum,
860 2667 925 2722 quas
940 2653 963 2707 si
978 2669 1033 2708 non

79 2734 205 2791 barbaras
225 2743 254 2790 at
267 2742 355 2792 tamen
372 2753 405 2792 ne
420 2736 492 2810 ipsas
509 2737 617 2810 quidem
632 2735 665 2792 ab
683 2735 778 2790 Atticis
794 2734 920 2806 usurpari
939 2734 1033 2791 solitas

81 2836 139 2875 esse
153 2818 195 2874 vel
210 2826 332 2876 veterum
350 2820 586 2893 grammaticorum
603 2821 710 2877 decreta
725 2818 862 2874 declarant
876 2817 927 2880 vel,
947 2818 1033 2892 siquis

81 2903 150 2959 lorte
169 2903 212 2959 liis
233 2919 289 2959 non
304 2911 408 2960 tantum
429 2903 545 2966 tribuat,
569 2911 600 2959 ut
614 2919 808 2978 usquequaque
826 2918 873 2958 eos
886 2901 1033 2959 audiendos

82 3003 139 3043 esse
159 2987 309 3050 existimet,
330 2996 424 3061 aperte
445 2987 544 3043 docent
571 2988 677 3045 codices
701 2986 905 3048 emendatiores,
928 2986 1033 3061 qualem

82 3070 232 3126 Urbinatem
248 3072 373 3128 Isocratis
387 3080 415 3127 et
428 3087 524 3143 magna
541 3078 614 3128 certe
635 3089 668 3127 ex
685 3079 762 3145 parte
776 3070 928 3126 Parisinum
943 3071 1032 3127 >lne-

16 3177 17 3182 ’
83 3153 227 3211 mosthenis
250 3171 310 3212 esse
324 3163 445 3218 constat,
466 3155 500 3211 de
513 3155 592 3212 cuius
607 3155 714 3230 quidem
730 3151 891 3211 auctoritate
906 3172 966 3210 cum
984 3155 1032 3210 ali·

18 3269 20 3316 3
85 3238 204 3312 quamdin
229 3239 395 3296 consedisset
418 3239 572 3302 contentio,
599 3257 687 3314 nuper
712 3238 896 3295 vehementius
924 3238 1032 3295 exarsit.

18 3319 21 3402 j
85 3321 146 3378 lsnei
166 3321 273 3395 quidem
293 3323 356 3379 libri
379 3322 498 3396 quamvis
517 3324 627 3380 minime
646 3323 721 3397 digni
743 3320 869 3395 quicum
889 3322 944 3378 illis
962 3337 1031 3396 quos

19 3411 20 3419 ’
86 3405 134 3462 dixi
158 3415 361 3482 comparentur,
386 3415 475 3464 tamen
489 3416 517 3463 et
534 3408 586 3481 ipsi
604 3424 665 3464 eum
680 3404 843 3480 aliquotiens
857 3407 982 3467 Atticum,
1000 3410 1032 3459 ut
