2460 3918
149 277 153 292 ·
248 255 289 318 98
657 249 785 302 ιυειον
1105 249 1155 304 οι.
1170 251 1192 304 ι.

229 425 399 547 ιφαχεροιλ
422 423 681 546 τριηρριρχοῦντα
712 416 911 511 ἀνηρήκασι,
943 417 1034 490 κάλει
1066 449 1120 510 μοι
1144 423 1191 492 καλ

248 550 378 594 τουτων
395 552 471 605 τους
488 549 663 614 μαρτυρας.

622 693 828 789 ΜΔΡΤΤΡΕΣ.

196 941 231 996 33
253 960 256 971 ·
323 933 367 996 Ελ
382 933 497 997 τοίνυν
514 927 569 996 καὶ
585 929 727 997 τοιοῦτοι
744 923 801 1006 τάς
817 924 936 1015 φύσεις
947 927 1024 1016 περὶ
1042 901 1191 1011 ἀλλήλους

250 1027 312 1094 ελσλ
336 1027 391 1095 καὶ
415 1032 532 1118 ἔχθραι
554 1025 634 1118 πρὸς
650 1023 897 1156 Ἀπολλόδωρον
918 1023 1035 1115 τδνέμ
1036 1022 1190 1112 έποιησά

247 1153 349 1215 μενον
365 1122 514 1219 ὑπῆρχον
525 1125 638 1208 αὐτοῖς
654 1119 862 1215 τηλικαυται
862 1154 899 1197 πο
888 1123 1101 1216 μέγεθος,τ
1103 1126 1189 1211 λβέλ-

247 1253 319 1296 τιον
335 1221 378 1297 ἀν
396 1223 573 1318 έπραξεν”
552 1257 573 1316 η
591 1231 694 1298 ταῦτα
710 1221 1014 1316 βανλευσάμενος“
988 1253 1079 1349 μπερ
1097 1229 1189 1311 ἐποίη-

248 1345 322 1411 σεν;
349 1355 372 1415 η
395 1355 437 1415 νη
463 1337 512 1399 Δλ
510 1357 531 1397 α
497 1333 653 1399 λλπαιδ
638 1336 690 1398 λον
717 1326 888 1416 ἐποιήσατο
906 1324 1021 1414 λαβων
1040 1323 1129 1416 παρά
1143 1351 1189 1394 του

246 1455 314 1496 των
339 1426 492 1515 φίλαν”
466 1457 614 1551 ορταν,
624 1429 679 1498 καὶ
702 1427 808 1521 τούτῳ
834 1425 895 1516 τήν
920 1423 1044 1497 οάσλαν
1062 1432 1188 1507 ἔδωκας

247 1523 329 1602 ἀλλά
347 1529 401 1596 καὶ
418 1525 509 1598 τοῦτ’
534 1518 577 1616 ἦν
594 1523 720 1616 ἀδηλον
736 1530 793 1597 καὶ
809 1543 877 1609 τοῖς
894 1525 1151 1616 γεννήσασιν,ε
1138 1536 1189 1594 ελτε

247 1632 432 1697 σπουδαῖον
459 1638 524 1697 ελτε
548 1625 689 1717 μηδενδς
706 1625 798 1712 ἀξιον
815 1635 951 1717 ἔμελλεν
968 1634 1122 1715 ἔσεσθαι,
1148 1622 1188 1694 διλ

194 1745 229 1798 34
246 1723 308 1814 τήν
333 1721 473 1849 ήλικλαν
520 1732 600 1818 ἐμοῦ
626 1729 663 1798 δέ
688 1745 807 1820 πεῖραν
834 1727 978 1817 ελλήφει,
1007 1733 1188 1818 δοκιμασίαν

247 1824 365 1915 ἱκανήν
391 1827 512 1916 λαβών.
557 1839 603 1910 ελς
627 1857 663 1899 τε
686 1826 751 1941 γάρ
766 1825 827 1899 τάν
843 1831 968 1919 πατέρα
992 1824 1105 1898 καὶ
1069 1855 1127 1915 την
1141 1853 1213 1914 μη

245 1929 329 2015 τέρα
346 1923 409 2015 Ιολ
374 1955 441 2009 ους
459 1919 501 2047 ήν
518 1925 661 2020 ἀκριβας
678 1927 763 2018 ήδει,
781 1932 884 1999 ταῐντ
887 1926 1052 2000 ὀλιιελων
1071 1928 1186 2016 έπιμελη

246 2024 351 2097 καλ’
312 2033 485 2152 παμαυτοῦ
490 2027 644 2120 πράττειν
658 2028 885 2119 ἐπιστάμενον·
905 2025 977 2099 ἐν’
958 2030 1048 2119 αρχῇ
1063 2055 1109 2117 τε,
1125 2039 1185 2097 δεσ-
1211 2025 1212 2073 ¹

177 2163 179 2168 ¹
246 2126 442 2218 μοθεπήσας,
461 2125 505 2210 ἀς
514 2127 737 2253 ἐγενόμηγ’
698 2157 760 2253 υρκ
771 2127 883 2210 ἀδικος
901 2126 982 2199 οὐδὲ
993 2131 1211 2213 πλεονέκτης,

245 2223 403 2314 ήπλσταπο
429 2251 550 2318 σαφως.
595 2227 672 2300 αστ’
690 2227 753 2301 οὐκ
769 2226 900 2318 ἀγνοων
925 2226 1009 2299 ἀλλά
1027 2232 1137 2318 σαφῶς
1152 2232 1210 2335 ελ,

194 2342 227 2395 35
246 2325 311 2407 διὸς
339 2331 412 2414 Ιέπολ
398 2337 439 2397 λει
457 2358 503 2453 με
514 2334 582 2400 τοῖν
599 2359 704 2400 αυτυν
721 2328 846 2421 κύριον.
891 2333 946 2400 καλ
940 2325 1033 2452 μήν
1051 2323 1185 2400 οὐδὲάλ-

247 2424 377 2549 λότριρν
394 2425 503 2498 ἀλλ”
484 2459 564 2500 οντα
580 2427 819 2554 ἀδελφιδρῦν,
814 2427 889 2500 οὐδ’
909 2419 954 2500 αὖ
970 2428 1074 2554 μικρά
1083 2455 1184 2500 πεποι-

247 2523 318 2606 θάς
335 2523 418 2596 ἀλλά
442 2529 567 2618 μεγάλα
583 2527 695 2618 ἀγαθαὶ
710 2526 774 2619 ἀφ’
801 2525 909 2620 ήμων,
927 2527 1004 2601 οὐδ’
1025 2559 1071 2600 αν
1088 2524 1184 2618 ἀφιλό-

245 2655 355 2716 τιμον,
382 2623 418 2708 δς
443 2626 484 2697 τά
507 2627 587 2700 ὅντα
611 2627 744 2720 ἀφιέναι
770 2627 951 2720 έμελλον”
923 2652 1037 2722 ωσπερ
1055 2621 1140 2701 οὗτοι
1154 2624 1207 2729 ιά

245 2730 306 2797 τοῦ
339 2726 462 2819 κλήρου
496 2728 728 2820 πεποιήκασιν,
764 2728 846 2801 ἀλλά
872 2730 1119 2822 βονλησόμενον
1141 2687 1207 2797 ιιαλ1

244 2845 453 2950 τριηραρχεῖν
483 2832 539 2898 καὶ
564 2840 720 2920 πολεμεῖν
751 2834 806 2901 καὶ
828 2847 986 2956 χορηγεῖν
1011 2834 1069 2902 καὶ
1094 2809 1206 2900 τήνδ’1

191 2938 228 2991 36
244 2921 326 3015 υμῖν
343 2925 382 2997 τά
400 2929 663 3020 προσταττόμενα
680 2947 798 3020 ποιεῖν,
817 2928 927 3023 ὥσπερ
945 2929 1104 3012 κάκεῖνος
1127 2933 1182 2998 καί·
1204 2905 1205 2991 ¹

244 3054 294 3094 τοι
313 3034 344 3096 ελ
330 3031 414 3096 λιιαλ
431 3028 594 3119 συγγενής
611 3034 733 3102 καλλ
690 3062 716 3121 φ
718 3040 786 3111 λος
804 3035 859 3102 καλ
877 3029 1051 3123 εὐεργέτης
1073 3031 1125 3101 καὶ
1140 3055 1182 3116 ρι·
1203 3031 1204 3122 ¹

244 3123 372 3294 λότιμος
389 3131 445 3199 καὶ
463 3127 782 3220 δεδοκιμασμένοςε
762 3135 912 3223 υπήρχον
933 3159 1081 3212 τοιουτος
1099 3129 1180 3211 εἶναι,

242 3233 292 3306 λς
309 3220 352 3297 ἀν
369 3224 627 3353 ἀμφισβητήσειε
651 3229 696 3320 μή
713 3227 775 3302 οὐκ
791 3229 914 3324 ἀνδρὸς
938 3223 978 3302 εὖ
994 3233 1202 3350 φροαριῖιπομ

245 3325 330 3395 εἶναι
345 3325 469 3415 ταύτην
485 3327 546 3418 τήν
564 3337 712 3418 πολησιν;
732 3329 794 3419 έγά
811 3337 961 3404 τολννν”
941 3363 978 3404 ευ
994 3361 1033 3421 γε
1048 3360 1115 3402 των
1130 3319 1180 3397 ἀπ

245 3429 313 3494 έιιελ
299 3433 373 3495 λνον
392 3431 659 3516 δοκιμασθέντων
676 3427 740 3518 ήδη
757 3441 933 3522 πεποίηκα·
956 3424 1180 3522 γεγυμνασιάρ·

242 3552 327 3614 χηιια
343 3523 406 3616 γάρ
421 3533 470 3607 Ιελς
487 3527 683 3619 Προμήθεια
705 3534 805 3601 τοῦδε
821 3561 880 3603 του
869 3537 1055 3604 ’ἐνιαυτοῦ
1070 3531 1180 3621 φιλοτί-
