2466 3914
222 239 262 300 16
632 226 760 280 ΙΣΑΙΟΤ
1078 229 1131 276 υι.
1151 222 1171 274 l.

221 401 282 489 μὲν
304 397 413 479 ἄλλοις
441 407 656 488 ψηφίζοισθε,
686 395 767 469 ὅταν
789 396 916 486 θάτερα
942 393 1074 466 τούτων
1098 390 1173 465 άπο-

151 555 155 570 .
221 507 364 588 φαίνωσι
381 504 466 589 σφοῖς
483 496 618 587 αύτούς,
642 494 662 586 ή
679 503 768 588 γένει
784 501 962 588 προτέρους
979 492 1081 575 ὄντας
1098 489 1119 581 ή
1136 499 1173 582 τή

220 607 314 690 φιλίᾳ
338 603 380 690 τῇ
402 598 482 689 πρός
498 597 555 669 τόν
571 596 838 686 τετελευτηκότα,
861 592 945 685 ήμάς
964 591 997 664 δ’
1017 590 1069 674 οἷς
1089 597 1173 664 ἐστιν

220 696 388 789 άμφότερα
409 703 514 770 ταῦτα
536 696 624 788 παρά
647 697 780 768 πάντων
795 693 1064 785 ὁμολογούμενα,
1083 690 1172 778 άξιοέ·

220 821 293 869 σετε
307 798 429 887 μόνους
445 796 607 890 άκλήρους
625 801 757 886 ποιήσαι
773 801 840 867 τοῖν
858 801 996 867 ἐκείνου.

168 909 202 966 39
294 903 365 969 Καί
386 907 418 968 εί
438 900 499 989 μὲν
522 897 712 987 Πολύαρχος
739 893 756 967 ό
780 894 885 987 πατήρ
908 893 925 967 ό
954 892 1172 983 Κλεωνύμου,

221 991 351 1079 πολιτνος
376 996 409 1067 δ’
431 995 602 1090 ήμέτερος,
632 1003 695 1082 ζῶν
718 995 874 1086 ἐτύγχανε
897 999 952 1066 καὶ
975 999 1045 1066 τοῖν
1071 997 1172 1081 ἐπιτη-

222 1105 321 1168 δείων
339 1097 452 1187 ἐνδεής
471 1097 534 1189 ύν,
557 1093 797 1187 ήΚλεύννμος
820 1095 1011 1184 ἐτελεύτησε
1034 1099 1172 1182 θυγατέ-

188 1277 192 1300 ¹
220 1227 279 1288 ρας
295 1195 522 1289 ἀπορουμένας
545 1196 753 1286 καταλιπόν,
777 1193 871 1288 ἡμεῖς
894 1191 936 1266 άν
960 1192 1016 1268 διά
1041 1192 1105 1284 τήν
1121 1192 1172 1282 άγ·

219 1308 364 1388 χιστείαν
386 1303 441 1369 καί
458 1297 516 1370 τόν
533 1298 667 1370 πάππον
689 1314 907 1388 γηροτροφείν
924 1293 1173 1384 ἠναγκαζόμεθα
1214 1349 1219 1358 ,

220 1401 275 1468 καὶ
292 1397 349 1479 τὰς
366 1399 571 1489 Κλεωνύμου
582 1402 768 1488 θυγατέρας
785 1393 806 1486 ή
824 1404 941 1485 λαβεῖν
952 1393 1051 1467 αύτοὶ
1063 1405 1174 1483 γνννῦ

220 1527 278 1578 κας
294 1493 448 1589 ή’προῑκα
460 1497 662 1579 ἐπιδιδόντες
676 1501 796 1586 ἑτέροις
810 1496 987 1586 ἐκδιδόναι,
1007 1499 1066 1567 καὶ
1077 1491 1171 1566 ταύθ’

220 1592 303 1686 ήμάς
326 1601 380 1667 καί
397 1595 418 1687 ή
436 1601 611 1688 συγγένεια
633 1602 687 1668 καὶ
710 1604 745 1668 οί
758 1597 852 1687 νόμοι
870 1600 926 1668 καί
942 1593 962 1686 ή
981 1593 1065 1693 παρ’
1083 1591 1172 1684 ὑμῶν

220 1695 358 1786 αἰσχύνη
382 1716 489 1770 ποιεῖν
511 1695 693 1787 ἠνάγκαζεν
714 1695 773 1787 άν,
795 1691 816 1786 ή
839 1716 909 1778 ταῖς
932 1707 1105 1787 μεγίσταις
1127 1705 1171 1781 ζη

167 1817 201 1867 40
217 1806 305 1885 μίαις
334 1801 390 1868 καί
417 1816 485 1880 τοῖς
515 1799 659 1888 ἐσχάτοις
689 1795 832 1869 ὀνείδεσι
854 1815 1062 1887 περιπεσεῖν·
1089 1803 1121 1866 εί
1141 1792 1170 1863 δ’

218 1894 315 1968 ούσία
343 1907 561 1987 κατελείφθη,
594 1905 723 1969 δίκαιον
750 1894 912 1986 ἡγήσεσθ’
946 1898 1034 1968 εἶναι
1056 1895 1171 1982 ταύτης
1218 1895 1219 1946 ¹

220 2000 350 2088 ἑτέρους
377 1993 472 2088 ήμοῖν
495 2003 618 2088 μάλλον
640 2009 873 2089 κληρονομεῖν;
896 1995 958 2068 ούκ
981 1995 1048 2086 άρα
1067 2005 1171 2068 δίκαια
1217 2033 1218 2089 ¹

218 2094 294 2166 οὐδ’
318 2095 398 2188 ύμῖν
422 2095 534 2179 αὐτοῖς
557 2102 767 2189 συμφέροντα
789 2095 869 2168 οὐδὲ
885 2115 953 2178 τοῖς
970 2097 1086 2188 νόμοις
1104 2092 1170 2185 ὁμο·
1216 2125 1217 2158 1

219 2197 406 2286 λογούμενα
435 2211 633 2287 ψηφιεῖσθε,
662 2206 693 2269 εί
718 2201 785 2268 τεόν
807 2199 868 2287 μὲν
895 2203 1080 2289 συμφορῶν
1101 2193 1171 2274 τούς
1216 2161 1217 2233 δ

220 2297 384 2383 ἐγγυτάτω
407 2301 497 2386 γένει
514 2315 687 2369 κοινωνεῖν
704 2294 921 2386 ἀναγκάσετε,
944 2298 1122 2388 χρημάτων
1139 2296 1171 2363 δὲ
1215 2297 1216 2378 λ

219 2401 507 2485 καταλειφθέντων
535 2396 659 2478 πάντας
687 2394 886 2487 άνθράπους
911 2390 1169 2490 κυριωτέρουςή
1214 2439 1215 2521 ¹

218 2492 357 2576 τούτους
375 2495 535 2584 ποιήσετε.
1174 2519 1177 2534 ’

167 2616 196 2666 41
295 2592 366 2684 Χρή
392 2598 445 2682 δέ,
470 2587 497 2664 τό
519 2594 652 2686 άυδρες,
677 2599 731 2665 καί
751 2594 806 2666 διά
827 2595 888 2685 τήν
905 2601 1104 2687 συγγένειαν
1121 2598 1169 2666 καὶ
1213 2587 1214 2665 δ

220 2688 274 2762 διά
291 2692 352 2782 τήν
368 2698 429 2764 τού
445 2694 631 2785 πράγματος
649 2691 829 2786 άλήθειαν,
847 2695 929 2785 ὅπερ
947 2716 1090 2786 ποιείτε,
1109 2712 1170 2774 τοῖς
1212 2729 1213 2809 ¹

217 2790 300 2863 κατά
317 2797 411 2882 γένος
424 2804 625 2885 ψηφίζεσθαι
643 2801 766 2886 μᾶλλον
783 2792 804 2885 ή
822 2815 889 2878 τοῖς
907 2795 989 2868 κατά
1008 2797 1169 2886 διαθήκην
1211 2881 1212 2884 ¹

217 2888 467 2982 ἀμφισβητοῦσι.
514 2894 575 2984 τήν
596 2898 657 2986 μὲν
679 2894 742 2987 γάρ
764 2902 824 2968 τού
850 2901 967 2986 γένους
991 2897 1169 2984 οἰκειότητα
1211 2899 1212 2953 λ

218 2991 336 3074 πάντες
355 2995 559 3085 ἐπιστάμενοι
577 2996 770 3087 τυγχάνετε,
788 3000 843 3068 καί
861 2995 922 3086 ούχ
938 2994 1012 3068 οἷόν
1029 3027 1066 3069 τε
1082 2991 1167 3068 τούτ’
1210 3017 1211 3097 ¹

218 3095 286 3162 ἐστὶ
309 3093 389 3185 πρδς
411 3092 495 3186 ύμάς
513 3097 716 3181 ψεύσασθαι·
742 3097 904 3186 διαθήκας
923 3095 955 3167 δ’
975 3096 1040 3187 ήδη
1058 3097 1167 3168 πολλοὶ

218 3199 352 3276 ψευδεῖς
370 3192 560 3287 άπέφηναν,
579 3201 686 3269 καλοί
705 3199 767 3288 μὲν
788 3195 824 3268 τδ
842 3196 997 3288 παράπαν
1023 3196 1064 3270 ού
1082 3224 1166 3286 γενο-
1208 3249 1209 3264 ,

167 3310 200 3362 42
216 3295 333 3384 μένας,
354 3300 452 3368 ἐνίων
465 3297 498 3368 δ’
517 3296 579 3370 οὐκ
592 3296 702 3388 ὀρθοῖς
719 3300 999 3388 βεβουλευμένων.
1037 3301 1091 3384 καὶ
1109 3298 1168 3366 νύν

216 3387 310 3481 ὖμδϊς
339 3394 401 3486 τήν
429 3400 490 3486 μὲν
516 3402 712 3488 συγγένειαν
740 3401 795 3468 καὶ
823 3395 884 3486 τήν
905 3396 1089 3487 οἰκειότητα
1110 3392 1166 3481 τήν

217 3487 389 3586 ήμετέραν,
404 3493 452 3578 οἷς
466 3495 559 3588 ἡμεῖς
573 3496 809 3589 άγωνιζόμεθα,
827 3494 968 3579 άπαντες
982 3502 1165 3572 ἐπίστασθε·
