2460 3918
213 174 282 263 120‘
634 191 764 244 12A10T
1073 191 1157 246 οεο.

212 370 332 438 τοῦτον
349 361 466 434 πιστόν
483 362 548 452 ήδη
565 362 622 446 τὰς
642 362 806 451 διαθήκας
817 362 890 433 τότε
907 368 1096 434 καταλιπεῖν
1112 368 1159 434 καλ

216 465 444 537 ἐκπλεύσαντα
461 467 669 552 τελεοτῆσαι;

164 587 198 640 16
290 569 400 658 Χωρὶς
419 566 456 636 δέ
473 563 615 652 τούτων,
635 554 799 654 οἷάνδρες
818 571 985 652 δικασταί,
1010 570 1059 633 ἐτι
1075 572 1162 653 μείζω

214 665 376 759 τεκμήρια
391 668 570 757 παρέξομαι
587 661 630 746 ὡς
647 661 749 735 οὐδέν
766 661 889 752 ἀληθὲς
900 667 1055 753 λέγουσιν
1071 655 1161 734 οὗτοι.

216 770 370 850 ἐπιδείξω
386 764 450 857 γὰρ
466 761 548 855 ὑμῖν
566 773 720 855 ἔχθιστον
741 760 897 836 ἀπάντων
921 763 1001 835 ὄντα
1022 762 1162 854 Ἀσττίφι
1212 805 1215 844 χ

213 877 275 944 λον
292 871 434 955 Κλέωνι,
453 869 508 936 καὶ
531 862 618 936 οὕτω
636 865 768 958 σφόδρα
785 869 842 936 καί
861 872 996 946 δικαίως
1014 871 1163 955 μισοῦντα
1214 903 1215 914 ¹

214 971 351 1057 τοῦτον,
380 963 464 1036 ὥστε
477 964 577 1036 ’πολν
606 961 648 1038 ἀν
671 968 795 1037 θάττον
824 969 1026 1056 διαθέμενον
1048 969 1163 1056 μηδένα

214 1069 294 1140 ποτέ
310 1071 378 1138 τοῖν
397 1069 520 1138 ἑαυτοῦ
535 1074 669 1138 οίκείων
694 1071 910 1156 διαλεχθῆναι
927 1070 1071 1156 Κλέωνι,
1096 1071 1163 1156 μᾶλ-
1212 1147 1213 1154 ¹

163 1178 198 1230 1⁷
215 1178 275 1240 λον
302 1164 324 1256 ή
352 1167 411 1239 τόν
433 1166 554 1238 τούτου
577 1166 654 1238 νίδν
677 1166 907 1257 ποιησάμενον.
960 1164 1163 1258 Εάθνκράτει

214 1267 297 1359 γάρ,
322 1261 350 1339 οἷ
372 1261 509 1359 ἀνδρες,
532 1271 580 1360 τῷ
601 1272 701 1358 πατρί
723 1297 769 1338 τω
784 1265 983 1359 Ἀστνφίλον
1002 1279 1105 1348 αἴτιος
1120 1297 1164 1356 γε·

214 1372 335 1440 νέσθαι
355 1372 485 1457 λέγεται
507 1372 568 1438 τοῦ
588 1368 739 1440 θανάτον
763 1367 954 1450 Θούδιππος
976 1364 993 1439 ὁ
1023 1371 1162 1450 Κλέωνος

215 1472 351 1541 τουτονὶ
374 1467 498 1560 πατήρ,
523 1468 734 1559 αἰκισάμενος
752 1473 881 1540 ἐκεῖνον
900 1473 1065 1561 διαφοραῖς
1087 1498 1162 1550 τινος

216 1566 330 1650 αὐτοῖς
347 1573 525 1658 γενομένης
544 1574 580 1640 έν
596 1573 639 1659 τῇ
654 1568 791 1659 νεμήσει
808 1573 869 1640 τον
885 1578 1028 1662 χωρίον,
1047 1573 1102 1640 καλ
1117 1568 1163 1640 οὗ·

215 1698 279 1750 τως
303 1666 408 1740 αάτδν
432 1673 643 1759 διατεθῆναι,
669 1667 753 1740 ὥστε
777 1674 812 1740 ἐκ
834 1674 901 1741 των
919 1675 1058 1759 πληγῶν
1075 1667 1162 1740 αὐτὸν

216 1766 452 1858 ἀσθενήσαντα
468 1766 510 1840 οὐ
527 1780 663 1851 πολλαῖς
674 1766 808 1861 ἡμέραις
826 1768 966 1863 ὕστερον
977 1768 1161 1844 ἀποθανεῖν,

163 1881 198 1933 18
216 1867 259 1951 τίς
285 1872 322 1941 δὲ
339 1867 432 1941 ταῦτ’
459 1872 548 1942 ἐστίν
566 1867 693 1960 ἀληθή,
719 1882 797 1953 λσως
814 1873 876 1961 μέν
893 1875 948 1942 καί
963 1869 1161 1964 Ἀραφηνίων

215 1975 271 2041 καὶ
289 1975 405 2042 πολλοὶ
427 1974 495 2042 τοῖν
511 1969 586 2042 τότε
603 1972 905 2063 σνγγεωργοάντων
927 1972 1161 2065 μαρτυρήσειαν

215 2069 258 2143 ἀν
282 2101 353 2162 μοι,
384 2071 568 2164 διαρρήδην
593 2074 630 2142 δέ
658 2076 735 2163 περὶ
763 2070 957 2161 τηλικούτων
985 2073 1161 2166 πράγματος

215 2170 277 2243 οὐκ
299 2168 341 2243 ἀν
359 2179 462 2263 έχοιμι
485 2169 573 2254 ὅπως
590 2168 671 2263 ὑμῖν
688 2181 925 2263 παρασχοίμην.
960 2178 1016 2245 καλ
1034 2173 1097 2266 γὰρ
1113 2170 1162 2243 αν-

214 2271 273 2343 τόν
284 2271 490 2362 τυπτόμενον
501 2270 585 2344 ίδτίν
597 2270 768 2366 Ἱεροκλῆς,
786 2270 804 2344 δ
821 2272 858 2345 τὰ
869 2293 1095 2365 γραμματεῖον
1108 2272 1160 2364 γά-

215 2393 306 2443 σκων
328 2370 409 2463 παρ’
436 2377 545 2466 ἑαυτῷ
565 2371 811 2463 τεθήναι,·οίδ’
835 2371 885 2444 ὅτι
907 2372 969 2445 οὐκ
991 2371 1036 2448 ἀν
1062 2373 1162 2461 ἐθελή-

215 2495 284 2542 σειε
311 2474 518 2564 μαρτυρήσαι
545 2477 678 2546 ἐναντία
706 2491 777 2556 ταῖς
802 2474 977 2564 διαθήκαις
1000 2474 1054 2558 αἷς
1077 2473 1162 2554 αὐτὸς

215 2570 404 2663 ἀποφαίνει.
442 2571 550 2663 Ὅμως
577 2578 689 2664 μέντοι
716 2579 772 2646 καί
800 2574 892 2646 κάλει
911 2572 1091 2667 Ἱεροκλέα,
1116 2583 1164 2646 ἵνα

160 2719 161 2722 =
215 2678 368 2746 ἐναντίον
384 2673 513 2746 τούτων
529 2675 723 2766 μαρτνρήση
741 2671 762 2764 ή
780 2675 978 2766 ἐξομόσηται.

474 2889 671 2942 ΜΑΡΤΤΡΙΑ.
705 2886 907 2949 ΕΞΩΜΟΣΙΑ.

164 3095 197 3148 19
262 3074 420 3170 Ἀκριβως
438 3082 499 3170 μέν
516 3079 626 3171 ᾔδειν·
650 3087 712 3152 τον
727 3080 790 3172 γάρ
809 3078 914 3153 αὐτοῦ
929 3079 1050 3174 ἀνδρός
1070 3085 1159 3166 ἐστιν,

214 3174 314 3268 ἀμὲν
331 3181 440 3269 οίδεν,
465 3181 682 3271 ἐξόμνυσθαι,
705 3187 772 3254 των
791 3185 832 3252 δέ
845 3181 889 3272 μή
906 3185 1094 3272 γενομένων
1115 3188 1159 3250 πί-

214 3300 288 3350 στιν
312 3283 441 3351 ἐθέλειν
466 3285 633 3353 ἐπιθεῖναι
654 3274 677 3370 ή
699 3281 764 3372 μήν
782 3287 907 3355 είδέναι
924 3283 1100 3373 γενόμενα·
1122 3276 1159 3360 ἀς

215 3383 270 3468 δέ,
294 3376 349 3450 ὅτε
371 3378 582 3470 ἀπέθνησκεν
599 3378 821 3475 Εάθνκράτης
844 3380 862 3455 ὁ
888 3383 995 3476 πατήρ
1016 3382 1160 3470 Ἀστνφί-

213 3489 287 3569 λον,
307 3483 470 3570 ἐπέσκηψε
486 3499 554 3563 τοῖς
566 3491 698 3565 οἰκείοις
710 3489 837 3574 μηδένα
853 3487 932 3556 ποτὲ
951 3490 1044 3556 έοῖσαι
1058 3489 1160 3554 ἐλθεῖν
