2460 3918
62 201 90 250 p.
112 181 155 233 84.
285 185 374 236 ΠΕΡΙ
390 184 467 235 ΤΟΤ
484 185 623 240 ΔΓΝΙΟΤ
639 187 804 240 ΚΛΗΡΟΤ.
958 196 1021 259 137

61 354 208 446 πατρός;
232 364 267 426 τί
286 354 413 428 τούτων
436 361 504 428 τῶν
525 355 715 449 ὀνομάτων,
738 355 788 440 οἷς
805 355 823 430 6
841 360 939 450 νόμος
962 359 1024 450 τὴν

61 451 256 584 ἀγχιστείαν
287 459 451 546 δίδωσι;
452 455 553 528 καδ”
533 486 631 544 οπως
650 459 695 550 66
720 464 826 531 έκεῖνο
849 459 993 583 έρεῖς,”
972 489 1024 532 οτι

63 554 143 646 ε’μὸς
162 553 373 650 ἀδελφιδοῦς.
409 554 451 652 66
468 557 532 650 γὰρ
550 563 639 682 περὶ
644 588 703 682 του
692 563 803 649 ἐμοῦ
818 559 942 652 κλήρου
959 567 1024 633 νῦν

61 653 197 780 ὁλόγος
223 661 304 742 έρτί
330 662 375 744 ζεῖ
396 658 467 750 γάρ.
511 657 592 731 εἶδ’
617 650 660 779 66
682 658 779 779 ἅπαις
798 661 861 784 έγοδ
879 672 1024 733 τετελευ-

61 755 172 846 τηκοδς
190 762 246 830 καὶ
263 756 485 850 ἠμφισβήτει
478 765 546 831 των
565 765 668 852 ἐμεῖν,
686 765 782 834 τοῦτο
801 757 843 834 66
844 766 1025 885 προσῆκεν

61 855 173 981 ἆποκρ
174 867 311 982 6660666
334 864 541 954 ἐρωτωμένῳ.
583 866 648 932 νῦν
673 860 771 932 66
726 891 792 954 φῃς
809 867 877 934 τοῖν
890 859 1024 952 Ἁγνίου
1130 935 1133 942 ,

3 1027 4 1030 ,
60 957 241 1083 χρημάτων
257 958 294 1030 τὸ
312 956 506 1084 ἡμικλήριον
525 962 611 1034 εἶναι
628 991 687 1032 του
677 962 838 1087 παιδός·
858 970 912 1034 δεῖ
929 962 971 1092 66
988 985 1026 1032 σε

60 1062 121 1148 τῆς
134 1057 375 1183 ἀγχιστείρις,”
355 1091 374 1132 ο
391 1088 422 1132 τι
440 1057 457 1132 6
475 1079 552 1143 παῖς
561 1055 675 1155 Ἁγνίᾳ
685 1063 857 1155 προσήκει,
876 1063 913 1135 τό
930 1067 1025 1153 γένος

62 1169 185 1233 εἰπεῖν.
223 1161 352 1254 φράσον
369 1153 432 1234 066
449 1171 603 1233 τουτοισί.

141 1260 402 1334 Αἰσδοὶνεσδε”
383 1293 433 1334 οτι
451 1261 512 1350 066
530 1271 595 1352 ἔχει
612 1262 674 1352 τὴν
692 1286 888 1386 ουγγευειαν
907 1273 1024 1353 εἰπεῖν,
1043 1276 1060 1327 6

62 1359 138 1432 ἄλλ’
157 1360 369 1485 ἀποκρίνεται
386 1361 494 1468 πάντα
510 1362 672 1485 μᾶλλον
652 1359 672 1452 6
690 1361 710 1434 6
704 1364 782 1435 δεῖ
789 1378 912 1456 μαθεῖν
929 1361 1024 1483 ὑμᾶς.

63 1472 170 1534 καίτοι
205 1463 263 1534 τόν
284 1493 323 1553 γε
351 1459 535 1587 πράττοντά
562 1494 593 1548 τι
624 1472 752 1537 δίκαιον
786 1463 827 1537 06
860 1468 1027 1558 προσῆκεν

67 1561 206 1656 ἀπορεῖν
240 1561 314 1634 ἄλλ’
345 1561 450 1645 εὐθυς
476 1568 602 1655 λέγειν,
634 1569 689 1636 καί
719 1564 765 1685 66
795 1565 898 1695 66606
929 1571 1026 1638 τοῦτο

69 1681 173 1736 ποιεῖν
182 1719 197 1756 ,,
217 1662 301 1758 6666
317 1669 378 1756 606
403 1664 605 1755 διόμνυσθαι
627 1670 683 1745 καὶ
705 1670 765 1738 τοῦ
787 1671 905 1755 γένους
928 1671 1026 1758 παρέ·

64 1777 182 1854 χεσδαι
205 1764 389 1858 μάρτυρας,
414 1769 471 1836 666
487 1771 612 1855 μᾶλλον
636 1766 822 1846 ἐπιστεύετο
839 1763 901 1855 ὑφ’
920 1763 1025 1856 6666.

62 1868 126 1936 νυν
152 1862 184 1935 δ’
213 1863 267 1956 ἐφ’
293 1863 342 1948 οἷς
360 1862 535 1958 ἀπόκρισιν
552 1864 592 1937 06
612 1869 774 1956 δέδωκεν,
801 1863 842 1939 06
859 1863 1026 1956 μάρτυρας

60 1969 254 2060 παρέσχετο,
273 1963 334 2056 066
347 1964 451 2057 ὅρκον
463 1963 602 2055 ὤμοσεν,
621 1962 661 2038 06
672 1965 775 2056 νόμον
798 1967 802 2049 6
826 1962 1025 2055 ἀνέγνωκεν,

59 2078 165 2137 οίεται
185 2073 257 2139 δεῖν
274 2063 376 2158 ὑμᾶς,
397 2063 606 2156 ὀμωμοκότας
624 2079 825 2156 ψηφιεῖσθαι
849 2063 931 2138 κατα
949 2063 1027 2157 τους

59 2167 203 2290 666009‚
228 2163 320 2260 αὐτῷ
336 2170 556 2257 πειθομένους
579 2171 660 2290 6606
676 2170 883 2288 666666666
901 2165 1026 2254 ταύτην

59 2266 122 2358 666
153 2241 363 2357 εἰσαγγελίαν
390 2265 480 2392 παρὰ
507 2265 585 2350 τούς
607 2267 744 2392 666066
769 2264 856 2340 οὕτω
880 2270 1027 2357 σχέτλιος

60 2373 116 2467 καὶ
134 2366 276 2462 ἀναιδὴς
293 2366 472 2492 66666666
497 2372 593 2439 ἐστιν.
632 2364 705 2438 ἀλλ’
730 2365 791 2454 066
815 2365 879 2456 ἐγω
897 2366 1060 2456 ποιήσωῖ

58 2469 191 2542 τούτων
220 2466 338 2558 οὐδέν,
369 2465 453 2539 ἀλλὰ
481 2467 593 2538 καὶ
559 2497 596 2538 το
619 2472 714 2557 γένος
739 2471 803 2566 666
825 2465 950 2591 606666
972 2470 1028 2540 καὶ

58 2568 144 2642 ὅθεν
167 2599 223 2662 μοι
254 2569 413 2692 6606666
436 2571 493 2657 τῆς
516 2577 751 2692 κληρονομίας,
775 2567 881 2640 καί
847 2599 906 2642 τον
923 2575 1027 2642 παῖδα

60 2675 215 2754 ἐπιδείξω
228 2673 283 2794 καί
294 2667 371 2752 τούς
385 2669 546 2760 πρότερον
559 2666 870 2792 666606666066669
884 2671 962 2790 6606
967 2672 1028 2740 του

58 2771 186 2894 κλήρου
204 2769 328 2852 πάντας
347 2774 467 2870 ἔξω
425 2799 483 2858 της
500 2766 720 2859 6660066663’'
693 2799 816 2892 οντας,
835 2764 922 2838 606’
940 2763 1026 2858 ὑμᾶς

57 2868 246 2964 ὁμολογεῖν
267 2900 401 2960 αναγκη
416 2867 450 2940 δ
463 2872 553 2940 ἐστὶν
571 2864 640 2953 έξ’
620 2872 721 2959 αρχῆς
738 2899 778 2938 τα
767 2867 1027 2992 συμβᾳίηγότα

58 2981 185 3043 εί·πεῖν
207 2976 243 3044 έκ
264 2970 392 3042 τούτων
414 2969 478 3062 γδρ
500 2968 675 3058 γνώσεσθε
695 2967 757 3056 τήν
779 2995 816 3038 τε
834 2965 958 3057 6666'
937 2999 1026 3059 αγχι-
1069 3031 1071 3034 .

57 3081 175 3144 στείαν
188 3077 244 3143 και
254 3069 305 3143 ὅτι
315 3070 441 3193 τούτοις
452 3067 554 3142 οὐδέν
564 3067 721 3192 προσήκει
732 3071 789 3157 τῆς
799 3077 1024 3160 κληρονομίας.

133 3171 216 3263 Ἐγαδ
241 3171 304 3265 γαρ
327 3174 382 3242 καὶ
402 3167 496 3258 ‘ch
495 3199 550 3302 ας,
576 3161 604 3240 6
629 3166 766 3259 ἄνδρες,
790 3171 846 3238 καὶ
863 3166 1027 3257 Εὕβουλί-
1001 3175 1061 3238 ί8

59 3282 121 3364 δης
146 3277 204 3344 καὶ
221 3274 432 3395 Στρατοκλῆς
456 3273 512 3342 καὶ
529 3277 691 3360 Στρατίος
709 3264 726 3338 6
745 3273 803 3357 τῆς
817 3265 950 3357 Ἁγνίου
968 3297 1026 3358 μη-

56 3375 136 3468 τρὸς
158 3372 306 3465 οἷδελφὸς
326 3377 357 3455 έξ
381 3369 529 3494 6666666
560 3374 657 3459 έσμεν
680 3368 866 3456 γεγονότες
891 3366 1002 3440 καὶ
963 3399 1026 3460 γαρ

56 3483 90 3546 06
125 3469 319 3567 πατέρες
300 3501 394 3562 ημων
427 3462 514 3580 ἦσαν
548 3466 678 3553 ἆνεψιοδ
714 3473 749 3540 έκ
773 3473 1023 3561 πατραδέλφων
