2460 3918
199 237 259 298 112
610 225 738 280 umor
932 227 944 238 -
978 302 983 311 .
1057 223 1144 276 οπο

198 402 262 491 μὲν
280 405 420 490 Φλυῆσι,
439 402 494 470 καί
511 396 673 470 ταλάντου
690 395 926 490 βαδίωςάξιον,
944 392 1095 499 οίκίαςδ
1117 399 1154 465 ἐν

198 499 289 571 ἄστει
308 499 385 590 δύο,
413 497 475 589 τὴν
503 501 564 589 μὲν
585 505 665 588 μίαν
687 503 977 590 μισθοφοροῦσαν,
1005 493 1096 586 παρά
1116 494 1155 566 τό

200 605 237 672 ἐν
260 609 400 691 Λίμναις
424 599 620 688 Διονύσιον,
646 605 805 688 δισχιλίας
829 595 1069 692 εύρίσκουσαν,
1092 594 1155 684 τὴν

200 698 232 771 δ’
253 705 386 794 ἑτέραν,
411 691 487 791 ἕνῇ
508 696 607 780 αύτός
630 695 724 792 ᾤκει,
748 703 850 790 τριοὸυ
873 702 930 770 καί
949 695 1029 769 δέκα
1045 701 1156 787 μνῶν·
1217 709 1218 720 ’

199 809 247 874 ἔτι
266 804 303 872 δὲ
320 799 514 892 ἀνδράποδα
536 803 809 892 μισθοφοροῦντα
831 803 886 872 καὶ
911 799 972 870 δύο
992 806 1158 890 θεραπαί·

198 932 259 984 νας
282 905 337 973 καί
356 907 550 990 παιδίσκην,
575 903 630 971 καί
653 906 773 970 ἔπιπλα
791 897 837 970 δι’
864 891 912 972 οἷν
936 899 1013 994 β’κει
1030 896 1092 988 τὴν
1111 905 1159 968 oi·
1218 923 1219 934 ¹

199 1011 293 1091 κίαυ,
312 1000 431 1092 σχεδόν
444 999 512 1074 σύν
528 1018 597 1082 τοϊς
614 997 835 1091 ἀνδραπόδοις
853 999 927 1085 ἀξια
943 1006 1160 1093 τρισκαίδεκα

144 1179 154 1196 ,
199 1106 307 1192 μνοόν·
330 1102 504 1192 σύμπαντα
527 1103 564 1172 δὲ
580 1098 643 1174 ὅσα
659 1098 787 1193 φανερά
804 1092 864 1192 ἦν,
888 1105 989 1172 πλέον
1005 1096 1026 1189 ἦ
1045 1098 1161 1187 ἐνενύ

199 1231 301 1274 κοντα
316 1207 422 1293 μυῶν·
441 1206 539 1293 χωρὶς
559 1203 597 1274 δὲ
613 1201 739 1273 τούτων
752 1208 953 1292 δανείσματα
970 1197 1032 1272 ούκ
1048 1197 1160 1290 ὀλίγα,

150 1321 184 1374 36
200 1300 260 1394 ἀφ’
285 1294 333 1375 ύν
357 1307 481 1384 ἐκεῖνος
503 1302 619 1384 τόκους
649 1301 819 1391 ἐλάμβανε.
860 1301 988 1384 τούτοις
1011 1305 1162 1389 Διοκλῆς

201 1403 282 1494 μετά
304 1407 361 1492 τῆς
383 1400 528 1492 ἀδελφῆς
552 1405 557 1491 Ι
579 1401 680 1474 πάλαι
704 1402 945 1493 ἐπεβούλευεν,
970 1399 1085 1490 ἐπειδὴ
1104 1400 1160 1471 τά·

202 1526 295 1594 χιστα
325 1509 359 1574 οί
378 1510 495 1584 παῖδες
524 1508 559 1574 οί
578 1511 729 1595 Κίροννος
760 1502 984 1593 ἐτελεύτησαν.
1026 1505 1162 1591 ἐκείνην

202 1605 263 1694 μέυ
279 1601 342 1694 γάρ
359 1600 421 1674 ούκ
433 1607 582 1687 ἐξεδίδου
600 1605 791 1693 δυναμένην
803 1611 851 1674 ἐτι
868 1621 978 1675 τεκεῖν
989 1610 1116 1684 παῖδας
1130 1607 1161 1686 ἐξ

203 1707 315 1795 ἐτέρου
339 1700 475 1794 ἀνδρός,
499 1702 618 1793 ἵναμὴ
635 1712 853 1794 χωρισθείσης
876 1707 1036 1797 περὶτῶν
1055 1699 1162 1774 αύτού
1222 1722 1223 1802 η

202 1803 418 1893 βουλεύσαιτο
445 1803 597 1895 καθάπερ
625 1809 808 1897 προσῆκεν,
838 1813 951 1876 ἔπειθε
981 1806 1018 1874 δέ
1046 1806 1162 1893 μένειν
1222 1815 1223 1822 ’

203 1904 398 1996 φάσκουσαν
417 1908 448 1988 ἐξ
467 1901 571 1975 αύτού
587 1921 682 1976 κυεῖν
698 1915 846 1995 οἴεσθαι,
871 1907 1161 1996 προσποιουμένην
1223 1950 1224 2040 ,

205 2008 243 2076 δέ
260 2012 470 2096 διαφθείρειν
487 2003 651 2095 ἀκουσαν,
669 2002 716 2076 ἵν’
737 2010 874 2090 ἐλπίζων
885 2003 937 2076 ἀεὶ
954 2003 1161 2093 γενήσεσθαι

203 2112 324 2187 παῖδας
341 2102 432 2200 αύτῷ
447 2109 627 2196 μηδέτερον
643 2102 739 2195 ἡμῶν
755 2106 976 2195 είσποιήσαιτο
993 2103 1085 2176 υίόν·
1105 2107 1161 2175 καὶ

203 2205 261 2277 τόν
284 2211 409 2297 πατέρα
432 2210 604 2294 διέβαλλεν
632 2202 701 2294 ἀεί,
731 2205 869 2294 φάσκων
895 2203 997 2277 αύτόν
1027 2209 1161 2294 ἐπιβου-

151 2328 186 2380 37
204 2306 315 2378 λεύειν
332 2322 400 2386 τοῖς
419 2310 556 2377 ἐκείνου.
580 2305 672 2376 τότε
688 2296 752 2376 ούν
768 2309 847 2398 χρέα
856 2305 964 2378 πάντα
980 2304 1042 2377 ὅσα
1060 2303 1160 2396 ὠφεί-

205 2415 278 2476 λετο
296 2402 403 2498 αύτῷ,
422 2409 477 2474 καὶ
494 2405 610 2487 τόκους
629 2413 758 2496 ἔπειθε,
776 2405 870 2478 τότε
886 2404 1015 2498 φανερά
1034 2404 1083 2477 δι’
1103 2401 1161 2476 αύ-

205 2509 265 2576 τού
287 2517 472 2594 ποιεῖσθαι,
501 2505 661 2598 παράγων
683 2504 790 2597 ἀνδρα
812 2507 1038 2598 πρεσβύτερον
1059 2519 1162 2598 θερα-

206 2613 314 2686 πείαις
354 2607 409 2674 καλ
449 2614 650 2696 κολακείαις,
692 2611 753 2688 ἕως
788 2605 918 2679 ἅπαντα
955 2607 995 2678 τοὶ
1031 2612 1162 2679 ἐκείνου

206 2710 410 2797 περιέλαβεν.
447 2703 544 2786 είδολς
562 2708 600 2777 δὲ
616 2704 666 2777 ότι
683 2705 817 2780 πάντων
841 2706 904 2797 ἐγώ
927 2708 1056 2780 τούτων
1081 2706 1163 2780 κατά

205 2805 243 2877 τό
263 2810 430 2898 προσῆκον
457 2806 541 2877 εἶναι
569 2806 683 2897 κύριος
712 2807 851 2898 ζητήσω,
874 2805 972 2879 ὁπότε
993 2804 1011 2879 ό
1029 2808 1163 2889 πάππος

208 2906 435 2997 ἐτελεύτησεν,
456 2909 590 2978 εἰσιέναι
608 2911 668 2997 μέν
685 2935 726 2998 με
742 2912 798 2978 καὶ
814 2909 1018 3000 θεραπεύειν
1032 2913 1163 2981 ἐκείνου

205 3009 262 3076 καὶ
284 3013 532 3098 συνδιατρίβειν
555 3005 617 3079 ούκ
642 3008 780 3099 ἐκώλυε,
812 3008 929 3092 δεδιοδς
953 3009 997 3101 μὴ
1020 3039 1161 3103 τραχυν-

204 3109 281 3186 θεὶς
300 3113 346 3187 είς
364 3103 466 3197 ὀργὴν
483 3117 684 3198 κατασταίην
700 3107 780 3200 πρός
798 3106 916 3200 αύτόν,
939 3110 1162 3201 παρεσκεύαζε

209 3209 249 3276 δέ
262 3236 317 3296 μοι
333 3204 392 3277 τόν
409 3204 698 3298 ἀμφισβητήσοντα
711 3214 768 3299 τῆς
786 3207 916 3300 ούσίας,
935 3215 1031 3302 μέρος
1044 3221 1161 3282 πολλο-
1221 3297 1224 3304 1

208 3305 287 3378 στόν
313 3305 419 3401 τούτφ
446 3309 643 3397 μεταδιδούς
665 3318 696 3379 εί
722 3311 981 3401 κατορθώσειεν,
1010 3307 1104 3405 αύτῷ
1126 3311 1162 3379 δὲ

208 3411 312 3478 ταῦτα
335 3406 442 3479 πάντα
458 3415 653 3500 περιποιεῖν,
677 3413 732 3480 καὶ
749 3408 831 3481 ούδὲ
853 3409 934 3502 πρός
951 3417 1069 3484 τούτου
1086 3409 1162 3502 ὁμο

210 3506 397 3596 λονιόν,τόν
420 3507 554 3580 πάππον
575 3509 723 3602 χρήματα
746 3521 953 3602 καταλιπεῖν,
978 3509 1050 3583 ἀλλ’
1076 3513 1162 3583 εἶναι
