2460 3918
86 209 115 260 p.
134 190 176 243 νο.
305 193 396 244 nm
413 192 489 244 νον
506 191 644 246 Δυνιον
661 192 825 246 Κλεεον.
979 200 1040 270 149

87 375 169 433 σθαι
186 367 262 454 περὶ
273 360 350 445 τούς
361 366 607 456 Στρατοκλέους
625 369 769 446 παῖδας,
785 360 847 434 ούκ
864 362 955 448 ἀξιον
972 383 1041 451 τοῖς

86 461 207 534 τούτου
223 462 331 554 λόγοις
347 461 528 553 πιστεύειν,
545 460 583 546 ὃς
598 462 759 553 τοσαύτης
775 460 890 546 ούσίας
907 477 1041 538 καταλε-

87 567 261 654 λειμμένης
294 564 470 656 ἐτόλμησεν
502 568 554 636 ἐπὶ
587 569 727 655 διαβολῇ
751 563 942 647 ψεύσασθαι
966 563 1039 638 κατ’

86 666 169 753 ἐμοῦ
182 668 361 755 τηλικαῦτα
376 662 413 737 τό
429 667 578 757 μέγεθος.
606 673 848 754 καταλογίζεται
864 675 979 739 τοίνυν
996 664 1041 750 ὥς

86 761 150 853 ἐγω
176 780 263 857 τρεῖς
294 765 435 858 κλήρους
461 764 604 857 είληφδς
630 769 685 837 καὶ
710 771 841 838 πολλῶν
867 766 1041 859 χρημάτων

83 862 243 992 εύποροὶν
255 863 363 957 ἀφανί
361 877 403 952 ζω
420 865 481 956 τήν
498 864 633 956 ούσίαν,
651 863 697 936 ἵν’
717 863 761 948 ὥς
780 865 927 958 ἐλάχισθ’
946 864 1041 958 ύμεῖς

81 962 197 1038 αύτων
223 964 417 1058 ἀπολαύητε.
461 984 539 1050 τοῖς
551 966 619 1058 γάρ
644 969 749 1057 μηδὲν
776 975 904 1040 δίκαιον
931 976 1041 1060 έχουσι

81 1070 225 1159 περὶ
178 1097 246 1140 των
262 1068 466 1192 πραγμάτων
484 1063 634 1156 λέγειν’
615 1066 751 1156 ανάγκη
764 1077 955 1161 πορίζεσθαι
976 1099 1041 1142 τοι·

80 1167 205 1251 ούτους
221 1167 356 1260 λόγους,
381 1159 466 1254 ἐξ
438 1199 489 1240 ων
492 1166 737 1260 διαβάλλοντες
761 1172 861 1242 πλέον
879 1177 965 1261 ἔχειν
984 1177 1041 1244 δυ-

79 1267 241 1357 νήσουται
258 1299 325 1342 των
342 1268 530 1342 ἀντιδίκων
561 1272 644 1359 ἐμοὶ
650 1270 687 1338 δὲ
704 1266 865 1361 μάρτυρές
878 1270 1007 1342 ἐστε
961 1298 1042 1343 παν·
1058 1297 1093 1354 48
1147 1258 1154 1284 ‘

82 1395 138 1452 τες
164 1367 214 1442 ὅτι
239 1377 274 1442 ot
295 1376 354 1460 τής
381 1374 458 1460 ἐμής
483 1367 640 1458 γυναικδς
661 1366 813 1460 ἀδελφοί,
860 1375 1042 1494 Χαιρέλεως

83 1474 140 1541 καλ
158 1471 392 1564 Μακάρτατος,
416 1467 457 1542 ού
473 1499 541 1541 των
557 1469 839 1563 λειτουργούντων
858 1461 944 1559 ήσαν
960 1469 1043 1542 ἀλλά

86 1599 153 1640 των
170 1579 328 1664 βραχεῖαν
345 1574 552 1694 κεκτημένων
574 1567 701 1642 ούσίαν
736 1569 957 1664 Μακάρτατον
979 1571 1043 1664 γὰρ

88 1667 191 1742 ίστε“
172 1700 222 1742 οτι
239 1701 275 1742 το
264 1669 415 1763 χωρίον
432 1668 636 1763 ἀποδόμενος
657 1674 711 1742 καὶ
729 1671 847 1763 τριήρη
864 1669 1042 1764 πριάμευος

86 1775 139 1841 καὶ
166 1771 290 1861 ταύτην
315 1771 570 1863 πληρωσάμενος
602 1779 649 1852 εἰς
672 1770 808 1861 Κρήτην
834 1776 1040 1856 ἐξέπλευσεν·

82 1868 124 1942 ού
142 1871 206 1963 γὰρ
223 1871 260 1943 τὸ
279 1880 376 1963 ἔργον
393 1870 518 1961 ἀφανὲς
542 1873 687 1960 ἐγένετο,
712 1867 795 1940 ἀλλά
812 1874 868 1941 καὶ
885 1871 983 1959 λόγον
1008 1877 1043 1942 έν

78 1977 132 2066 τῷ
158 1972 250 2068 δήμῳ
277 1976 434 2064 παρέσχε,
465 1969 509 2061 μή
535 1971 678 2062 πόλεμον
703 1966 783 2060 ἡμῖν
808 1966 881 2042 ἀντ’
910 1971 1043 2063 εἰρήνης

83 2077 211 2155 ἐκεῖνος
237 2071 319 2163 πρὸς
350 2079 633 2161 Λακεδαιμονίους
658 2070 815 2159 ποιήσειε,
856 2076 1043 2164 Χαιρέλεως
1059 2105 1094 2159 49

84 2175 123 2244 δὲ
140 2173 178 2244 τό
195 2183 410 2265 Προσπαλτολ
424 2181 545 2264 χωρίον
561 2176 751 2260 κατέλιπεν,
769 2168 789 2242 δ
805 2176 906 2244 πλέον
922 2171 985 2245 ούκ
1001 2168 1043 2243 ἀν
1106 2231 1109 2236 .

83 2272 179 2364 εύροι
196 2273 372 2365 τριάκοντα
388 2277 489 2364 μνῶν.
526 2277 651 2360 συνέβη
666 2273 703 2342 δὲ
719 2270 778 2344 τόν
794 2274 856 2362 μὲν
867 2277 970 2344 ταῦτα
987 2303 1043 2344 κα-

81 2373 264 2445 ταλιπόντα
280 2379 472 2462 τελευτῆσαι
488 2372 649 2465 πρότερον
666 2368 686 2460 ἢ
704 2371 943 2466 Μακάρτατον,
963 2376 1044 2445 ἐκεῖ·

80 2504 146 2546 νου
165 2476 203 2544 δὲ
219 2473 300 2565 μετὰ
317 2473 437 2563 ταύτης
454 2476 512 2562 τής
528 2471 655 2562 οὐσίας,
673 2468 716 2561 ήν
734 2480 818 2563 έχων
837 2478 1043 2560 ἐξέπλευσεν·
1129 2471 1134 2478 ’

81 2573 215 2647 ἅπαντα
231 2573 295 2666 γάρ
313 2577 367 2645 καὶ
385 2573 446 2664 τήν
463 2570 579 2665 τριήρη
589 2575 645 2643 καὶ
663 2568 765 2644 α’ύτόν
782 2572 865 2646 κατὰ
880 2573 939 2646 τόν
949 2575 1045 2646 πόλε-

81 2706 149 2767 μον
174 2673 333 2746 ἀπάλεσε.
378 2676 653 2762 καταλειφθέντος
681 2675 718 2744 δέ
749 2679 809 2746 τού
833 2685 1048 2766 Πρυσπαλτολ

81 2785 210 2868 χωρίου
236 2778 291 2846 καὶ
317 2778 513 2865 γιγνομένου
539 2777 596 2862 τής
614 2779 750 2845 ἐκείνων
776 2772 938 2865 ἀδελφῆς,
968 2777 1045 2864 ίμής

84 2879 124 2948 δὲ
141 2875 316 2965 γυναικός,
344 2879 504 2964 ἐπείσθην
526 2870 587 2944 ὑπ’
615 2879 742 2963 ἐκείνης
769 2878 952 2964 είσποιήσαι
970 2885 1045 2946 Μα-

83 2976 237 3071 καρτάτω
266 2974 324 3046 τόν
347 2979 458 3068 ἕτερον
480 2979 548 3047 των
571 2981 715 3045 παίδων·
740 2970 802 3065 οὐχ
832 2979 890 3046 ἵνα
913 2973 958 3064 μή
981 2986 1045 3046 λει-

83 3086 277 3201 τουργρίην,
297 3084 328 3146 εί
343 3075 555 3167 προσγένοιτό
572 3103 626 3164 μοι
637 3102 736 3146 τουτο
744 3102 781 3145 το
798 3084 928 3167 χωρίον.
956 3073 1046 3167 ὁμοί·
1062 3105 1097 3160 ω

85 3209 131 3261 ως
157 3177 222 3269 γάρ
248 3179 362 3247 καλέ
331 3175 577 3264 εἰσποιήσαντος
602 3172 698 3245 τούτό
723 3170 757 3263 γ’
775 3171 937 3268 ύπήργεν
965 3174 1045 3248 ούδὲ

83 3279 150 3370 γάρ
178 3275 408 3368 ἐλειτούργουν
435 3274 490 3346 διὰ
513 3304 610 3347 τουτο
634 3305 657 3364 γ
676 3265 794 3398 ήττρν
818 3274 936 3366 ούδέν,
962 3274 1045 3347 ἀλλά

85 3384 143 3451 καλ
161 3409 229 3450 των
248 3375 469 3500 είσφερόντμν
493 3367 536 3465 ήν
561 3379 618 3446 καλ
642 3405 709 3446 των
725 3373 765 3446 τά
782 3375 1045 3501 προσταττόμενα

85 3479 170 3573 ύμῖν
188 3476 318 3551 ἅπαντα
335 3476 529 3583 ποιούντων.
556 3506 574 3548 ο
563 3471 672 3546 τεδέ
649 3505 693 3558 ως
710 3474 821 3569 περλ’
802 3476 966 3570 αχρήστου
983 3478 1044 3567 μέν
