2460 3918
35 234 65 284 p.
82 216 124 268 86.
263 218 353 269 ΠΕΡΙ
369 217 445 270 ΤΟΤ
462 219 598 271 ΑΓΝΙΟΤ
616 220 779 273 ΚΑΗΡΟΤ
930 222 990 287 141

33 377 149 476 μὲν
126 416 170 475 ην
198 392 240 477 τῇ
268 385 369 476 φύσει
396 386 545 477 πάντων,
577 393 612 459 ἐν
642 392 679 459 δὲ
701 407 773 471 ταῖς
794 381 991 479 άγχιστείαις

33 484 353 615 ὁμολογουμένως’
314 517 376 558 ουκ
394 496 491 559 ἔστιν.
528 489 597 559 εἶτα
613 489 741 582 γράψας
758 487 899 574 άνεψιοῦ
915 508 992 572 παῖς
1009 517 1042 568 18

35 588 122 658 εἶναι
140 584 294 669 κάκείνας
312 586 531 677 ἐξελέγξας’
492 617 555 660 ουκ
571 587 674 713 οὕρας
691 595 728 661 ἐν
743 609 814 672 ταῖς
831 588 991 679 άγχιστεί-

34 717 104 776 αις,
123 685 229 770 οὕτως
248 689 489 779 ἐπεδικασάμην
511 687 590 780 παρ’
608 687 706 779 ὑμῖν,
729 687 843 761 καὶ’
802 694 913 760 αυτῶν
930 687 992 761 οὐκ

34 793 155 877 ἴσχυσέ
174 818 206 858 τι
227 787 304 860 οὔτε
321 794 362 880 τῇ
383 788 441 860 τὸν
462 795 584 880 κλῆρον
610 791 728 881 ἐχούσῃ
746 789 782 862 τὸ
799 818 991 883 προνενικη-

32 894 129 959 κέναι
152 887 230 971 τούς
260 887 341 960 κατά
365 888 531 980 διαθήκην
558 888 886 980 ἀμφισβητήσαντας,
915 889 991 960 ου”τε

33 995 74 1080 τῇ
93 993 190 1082 ἑτέρα
206 987 242 1060 τὸ
260 994 383 1080 μητίρα
399 991 483 1062 εἶναι
506 995 567 1062 τοδ
582 989 641 1062 τὸν
658 995 780 1083 κλῆρον
798 990 990 1062 καταλιπόν-

32 1107 115 1179 τος,Ι
129 1087 204 1180 άλλ’
229 1087 334 1172 οὕτως
357 1097 393 1162 oc
411 1090 485 1161 τότε
514 1091 697 1176 δικάζοντες
719 1096 773 1162 καί
797 1090 833 1162 τὸ
863 1098 991 1162 δίκαιον

33 1194 89 1261 καί
108 1189 188 1272 τοάς
204 1188 323 1281 ὅρκους
346 1195 421 1283 περὶ
439 1196 565 1262 πολλοῦ
581 1191 792 1281 ἐποιήσαντο,
816 1189 896 1263 ὥστ’
921 1181 992 1282 ἐμάτί

34 1295 80 1384 τῷ
115 1289 199 1361 κατά
231 1289 309 1373 τούς
342 1291 463 1381 νόμους
497 1289 758 1382 ἀμφισβητοῦντι
791 1290 852 1380 τήν
878 1297 991 1382 ψῆφον

36 1419 189 1480 ηνεγκαν.
219 1399 325 1463 καίτοι
343 1389 426 1463 εί
389 1421 447 1473 τας
463 1394 525 1482 μὲν
536 1401 694 1482 νενίκηκα
710 1397 828 1464 τοῦτον
844 1390 902 1465 τὸν
919 1391 991 1484 τρό-
1010 1407 1042 1459 19

39 1519 118 1616 πον,
140 1496 307 1576 ἐπιδείξας
330 1489 463 1582 μηδὲν
459 1501 568 1584 Αγυία
589 1490 662 1563 κατ’
686 1491 875 1584 άγχιστείαν
892 1515 990 1584 προσ-

42 1591 197 1682 ηκούσας,
232 1621 327 1673 ουτος
363 1594 401 1662 δὲ
434 1591 478 1681 μὴ
507 1593 684 1717 ἐτολμησεν
712 1591 918 1684 άντιδικήσαι
945 1599 992 1688 τῷ

41 1697 130 1764 παιδί
159 1698 220 1764 τοῦ
247 1689 443 1818 ἡμικληρίου
472 1689 552 1785 πρὸς
581 1690 727 1784 ήμάς,ο
710 1700 745 1765 ὀί
766 1697 803 1765 δὲ
825 1703 990 1785 Στρατίου

39 1800 154 1875 παῖδες
170 1799 206 1863 ολ
218 1791 341 1864 ταάτόν
352 1793 458 1886 τούτῳ
470 1794 690 1885 προσήκοντες
700 1796 847 1914 μηδδ”
801 1823 867 1865 νυν
884 1792 990 1878 5552?-

37 1914 91 1965 σιν
112 1891 320 1983 άντιδικήσαι
342 1892 423 1985 πρὸς
447 1896 502 1984 ἐμὲ
525 1896 601 1984 περὶ
626 1891 752 1984 αὐτῶν,
782 1902 844 1984 ἔχω
869 1892 902 1964 δ’
927 1894 989 1983 ἐγω

36 1992 94 2065 τὸν
117 1999 239 2086 κλήρου
262 1994 533 2084 ἐπιδικασάμενος
556 1991 637 2086 παρ’
659 1991 754 2084 ὑμῖν,
781 1999 934 2084 ἐξελέγχω
953 1997 991 2065 δ

38 2100 154 2167 τοῦτον
170 2099 306 2185 μηδέπω
323 2094 435 2164 καί’
395 2123 536 2185 τήμερον
550 2092 655 2184 ἔχοντ’
675 2103 780 2166 εἰπεῖν
796 2093 816 2166 ὅ
831 2125 862 2165 τι
879 2092 896 2166 5
914 2113 991 2177 παῖς

34 2189 159 2318 ιβγνίᾳ
170 2195 328 2287 προσήκει
350 2191 423 2265 κατ’
447 2192 651 2285 ἀγχιστείαν,
675 2225 706 2266 τι
702 2204 775 2266 ’ἔτι
795 2202 849 2266 δεῖ
869 2209 991 2285 μαδεῑν

38 2292 120 2386 ὑμᾶς
138 2325 159 2384 η
145 2290 212 2366 ”vc
220 2308 356 2367 ποθεῖτε
367 2292 506 2366 άκοῦσαι
518 2299 594 2387 περὶ
605 2295 748 2366 τούτων·
740 2294 889 2384 ,ίγωὲ
848 2327 872 2386 μ
889 2327 910 2367 ν
927 2294 990 2388 γάρ

37 2394 78 2478 ὥς
100 2388 140 2466 εὖ
156 2419 339 2487 φρονονσιν
355 2393 436 2486 ὑμῖν
454 2394 604 2467 λκανά
568 2426 608 2466 τα
626 2400 780 2486 εἰρημένα
796 2405 925 2486 νομίζω.

112 2489 219 2578 Οὗτος
242 2506 357 2568 τοίνυν
381 2502 503 2590 ῥᾳδίως
526 2495 593 2567 ὅτι
616 2493 658 2567 άν
675 2497 757 2587 τάχη
774 2498 989 2588 ψευδόμενος,
1007 2510 1041 2562 20

36 2602 90 2668 καὶ
106 2597 169 2687 τήν
187 2595 291 2668 αὑτοῦ
307 2605 469 2689 πονηρίαν
486 2594 647 2686 οὐδεμίαν
664 2607 780 2688 ζημίαν
798 2599 882 2669 εἶναι
898 2605 989 2688 νομί-

36 2707 109 2788 ζων,
138 2703 242 2790 τολμᾷ
263 2726 303 2786 με
322 2697 512 2787 διαβάλλειν
535 2696 618 2768 άλλα
640 2726 676 2768 τε
698 2699 812 2788 πολλά,
841 2702 915 2788 περὶ
941 2689 988 2766 ὦν

35 2798 209 2888 ποιήσομαι
225 2796 302 2879 τούς
320 2799 437 2887 λόγους
453 2797 550 2888 τάχα,
575 2803 630 2868 καὶ
646 2802 724 2870 νυνὶ
742 2803 827 2887 λέγει
846 2795 889 2879 ὡς
907 2801 988 2867 ἐκοι-

34 2898 214 2989 νωσάμεθα
237 2899 300 3018 ἐγώ
316 2928 353 2970 τε
369 2903 423 2968 καὶ
441 2903 666 2990 Στρατοκλῆς,
688 2898 746 2969 τὸν
762 2895 875 2986 άγωνα
893 2899 987 2968 είσιί-

35 3029 90 3068 ναι
110 3003 189 3091 περὶ
212 3003 275 3070 τοῦ
295 2999 418 3090 κλήρου
441 2995 677 3098 μίλλοντες.“
656 3029 673 3068 ο
692 3025 804 3087 μονοις
826 2995 905 3087 ἡμῖν
921 3003 990 3071 τοῖν

34 3096 256 3189 άμφισβητελν
274 3085 645 3270 παρεσκευασμένων’
606 3127 667 3168 ουκ
685 3101 779 3187 ἐνήν,
800 3098 989 3189 διομολογή-Ι

36 3215 158 3272 σασθαι
177 3199 257 3292 πρὸς
275 3197 446 3289 ἀλλήλους.
481 3202 601 3292 τῇμὲν
616 3197 679 3289 γάρ
697 3196 909 3286 Εὐβουλίδου
925 3213 992 3271 δυ’
1006 3219 1038 3268 21

35 3305 128 3392 γατρὶ
147 3304 204 3372 καὶ
220 3330 261 3391 τη
249 3297 406 3390 Ἁγνίου
423 3304 521 3391 μητρὶ
531 3299 611 3391 πρὸς
628 3295 712 3388 ήμάς
724 3296 986 3390 άγωνιζομέναις,

34 3398 79 3488 μὴ
106 3399 189 3472 κατά
216 3398 316 3472 ταύτὸ
348 3399 645 3491 άμφισβητοάσαις,
682 3404 760 3488 ἕνην
788 3400 988 3488 ποιήσασθαι

35 3501 223 3592 συνθήκας,
241 3497 321 3590 άνή
341 3506 535 3595 ἕτέρανικρῖ,
553 3509 703 3591 μετεῖναί
716 3531 746 3572 τι
764 3505 819 3571 καὶ
836 3506 878 3591 τῇ
893 3497 988 3589 ἡττη-
