2460 3918
69 309 92 357 μ.
109 291 147 344 60.
197 293 288 342 ΠΕΡΙ
304 292 381 344 ἸῸΤ
399 284 705 344 ΦΙΛΟΚΤΗΜΟΝΟΣῘ
716 293 879 347 ΚΛΗΡΟΤ.
927 337 929 344 .
974 298 1013 362 81

67 453 150 533 οῦτοι
173 465 274 534 λῦσαι
300 458 403 534 αῦτὸν
429 470 581 553 ἔπεισαν,
607 461 803 543 άποδίδοται
828 461 932 556 άμρόν
953 466 1017 555 μὲν

65 560 213 653 Ἀθμονοῖ
240 566 338 656 πέντε
370 567 426 634 καλ
454 564 681 654 ἑβδομήιωντα
703 568 797 655 μνῦν
816 561 1015 654 Ἀντιφάνει,

67 663 98 734 τό
114 661 145 733 δ’
164 668 200 734 ἐν
224 672 407 758 Σηραμμίςο
430 673 608 753 βαλανεῖον
632 674 821 758 τρισχιλίων
835 663 1015 756 Ἀριστολό

68 785 121 858 ηρ·
147 772 258 836 οἰκίαν
285 767 323 835 δὲ
350 769 387 836 ἐν
403 763 494 836 ἄστει
519 765 684 856 τεττάρων
700 769 756 838 καὶ
772 764 1016 856 τεσσαράκοντα

68 868 150 953 μνάν
179 861 404 956 ὑποκειμένην
428 863 573 937 άπέλυσε
604 870 652 960 τῷ
677 865 865 959 ἱεροφάντῃ,
907 873 955 936 ἔτι
978 868 1017 936 δὲ

67 965 151 1054 αἶγας
167 962 310 1037 άπίδοτο
332 965 397 1037 σῦν
413 972 462 1061 τῷ
477 966 604 1038 αλπόλω
620 971 722 1057 τριοῦν
738 971 795 1038 καλ
813 971 894 1038 δέκα
910 971 1015 1056 μναῖν,

67 1069 114 1136 καλ
136 1065 233 1156 ζεῦγη
263 1065 365 1137 δῦν’
347 1067 459 1158 ορικά,
486 1097 523 1139 το
512 1065 635 1157 μέν’
617 1067 703 1138 νκτοό
719 1073 813 1157 μνῦν
829 1097 866 1138 το
855 1066 923 1138 δὲ
939 1093 1017 1138 πεν-

68 1165 196 1255 τήκοντα
212 1171 270 1238 καλ
287 1176 514 1239 πεντακοσίων
533 1173 704 1260 δραχμων,
722 1171 778 1238 καλ
796 1166 1017 1260 δημιουργοῦς

67 1264 127 1338 όσοι
142 1258 229 1357 ἦσαν
246 1265 351 1363 ον’τῷ.
387 1268 564 1358 σύμπαντα
582 1271 621 1340 δὲ
636 1276 787 1350 πλείονος
804 1264 825 1358 ή
841 1297 945 1359 τριων
960 1297 1016 1339 τα·
1033 1283 1068 1336 34

68 1366 244 1458 λάντων,
226 1368 253 1438 ά
280 1367 410 1461 ἐπράθη
438 1367 494 1440 διά
509 1373 636 1459 ταχέων
652 1369 742 1441 πάνυ
758 1369 1016 1458 τελευτήσαντος

69 1469 310 1560 Φιλοκτήμονος.
364 1473 420 1540 καί
453 1468 556 1542 ταῦθ’
591 1468 642 1541 ότι
667 1467 779 1560 άληθή
803 1474 1002 1560 λέγω,κιιθ

69 1571 191 1642 εκαστον
207 1566 293 1661 ῦμῑν
309 1592 378 1642 των
396 1575 580 1662 εἰρημένων
596 1598 729 1663 πρωτνν
745 1575 837 1642 καλω
846 1569 925 1653 τοῦς
934 1570 1015 1664 μάρ-

68 1698 163 1760 πνρας

335 1820 344 1828 ”
432 1821 639 1871 ΜΑΡΤΤΡΕΣ.

21 2009 23 2076 J
136 1978 248 2046 Ταῦτα
273 1976 335 2066 μὲν
362 1973 405 2063 δή
421 1979 541 2046 τοῦτον
565 1973 624 2046 τόν
641 1972 764 2066 τρόπον
783 1974 864 2064 εἶχε·
882 1975 959 2064 περὶ
978 1974 1017 2043 δὲ
1033 1989 1068 2044 ³5

21 2125 23 2168 5
70 2076 124 2144 τόν
138 2069 332 2147 ὑπολοίπων
350 2072 456 2156 εῦθῦς
474 2073 711 2163 ἐπεβούλευον,
730 2077 786 2144 καλ
803 2073 938 2144 πάντων
950 2078 1015 2142 δει-

22 2181 23 2276 ή
71 2172 192 2248 νότατου
217 2181 355 2268 πρᾶγμα
380 2173 644 2264 κατεσκεύασαν,
671 2166 807 2269 ᾦόιξιόν
825 2178 892 2245 ἐστι
915 2195 1015 2265 προσ·

23 2337 24 2340 ,
72 2276 143 2362 ἔχειν
157 2276 216 2349 τόν
233 2282 329 2350 νοῦν.
360 2273 503 2369 ὁρῶντες
519 2274 583 2368 γάρ
600 2273 660 2346 τόν
676 2273 877 2366 Ιίόκτήμονα
894 2278 1017 2366 κομιδή

23 2393 24 2460 η
72 2369 256 2469 άπειρηκότα
280 2374 348 2449 ῦπό
373 2377 484 2468 γήρως
501 2379 557 2447 καλ
573 2374 655 2448 οῦδὲ
676 2381 734 2466 τῆς
752 2385 865 2465 κλίνης
882 2373 1015 2448 άνίστα·

73 2486 137 2546 σθαι
155 2478 363 2569 δυνάμενον,
391 2477 556 2549 ἐσκόπουν
580 2475 669 2559 ὅπως
686 2481 742 2548 καὶ
759 2477 1016 2567 τελευτήσαντος

24 2581 25 2606 ¹
74 2576 183 2649 ἐκείνου
202 2577 250 2650 δι’
278 2576 391 2651 αὑτων
417 2587 523 2651 ἔσοιτο
540 2574 562 2666 ή
579 2575 685 2650 νῦσία.
721 2582 778 2649 καί
795 2588 830 2650 τί
843 2582 1015 2664 ποιοῦντος
1033 2598 1067 2652 36

72 2669 285 2770 ἆσομράφουσι
310 2679 356 2751 τά
381 2687 483 2751 παῖδε
507 2679 614 2750 τοῦτω
639 2678 720 2772 πρός
736 2678 795 2751 τόν
812 2678 953 2770 άρχοντα
971 2674 1015 2758 άς

74 2779 232 2870 είσποιήτω
258 2799 326 2864 τοῖς
352 2785 414 2852 τοῦ
429 2778 645 2870 Εὐκτήμονος
668 2784 757 2851 υίίσι
782 2797 851 2860 τοῖς
866 2787 1015 2849 τετελευ-

72 2877 203 2974 τηκόσιν,
223 2880 464 2974 ἐπιγράψαντες
481 2884 568 2971 σφοῖς
586 2878 707 2963 αῦτοῦς
726 2879 935 2971 ἐπιτρόπους,
959 2883 1016 2949 καλ

73 2985 201 3060 μισθοῦν
220 2987 374 3054 ἐκέλευον
390 2979 449 3053 τόν
466 2979 609 3073 ἄρχοντα
624 2981 702 3063 τοῦς
719 2992 830 3061 οίκους
849 2977 893 3063 ὥς
911 2978 1015 3072 ὀρφα-

73 3081 129 3148 νοίν
151 3079 274 3173 όντων,
301 3081 392 3165 ὅπως
420 3087 474 3154 ἐπὶ
497 3101 565 3164 τοῖς
586 3082 716 3154 τούτων
737 3079 875 3172 ὀνόμασι
896 3079 937 3153 τά
953 3084 1015 3173 μὲν

74 3192 245 3274 μισθωθείη
262 3190 321 3273 τῆς
337 3182 471 3274 οῦσίας,
494 3183 535 3255 τά
553 3185 590 3254 δὲ
612 3180 840 3274 άπντιμήματα
857 3205 1016 3255 καταστα-

73 3286 137 3368 θείη
154 3288 208 3354 καὶ
232 3284 303 3376 ὅροι
326 3289 331 3375 Ι
354 3298 487 3357 τεθεῖεν
513 3289 632 3370 ζῶντος
651 3291 699 3354 ἔτι
714 3289 775 3355 τοῦ
790 3282 1014 3375 Εὐκτήμονος,

75 3387 221 3460 μισθωταὶ
248 3388 285 3456 δε
303 3383 399 3458 αῦτολ
416 3385 589 3476 γενόμενοι
614 3383 672 3466 τάς
688 3385 873 3479 προσόδους
890 3385 1016 3475 λαμβά-

76 3503 160 3554 ννιεν
201 3490 256 3558 καλ
275 3486 390 3577 ἐπειδή
407 3514 540 3578 πρωτου
556 3485 595 3556 τά
616 3487 808 3578 δικαστήρια
826 3487 1013 3577 ἐπληρώθη

78 3569 195 3666 θμλν
175 3617 283 3679 αρχωυ
294 3587 556 3682 προεκήρυττον,
575 3585 659 3657 τίδ’
679 3591 884 3677 ἐμισθοῦντο.
912 3613 1010 3679 παρα·

119 3695 217 3755 Imus.
842 3703 863 3765 6
