2460 3918
60 252 90 302 p.
109 234 150 286 73.
270 233 360 285 ΠΕΡΙ
377 232 453 286 ΤΟΤ
470 232 634 286 ΚΙΡΩΝΟΣ
651 235 816 316 ΚΛΗΡΩΤ.
961 247 1023 310 113

59 404 203 528 φάσκων
221 401 331 476 οὐδέν.
369 408 423 475 καὶ
443 403 556 494 ἐπειδή
574 404 710 496 τάχιστα
728 407 951 501 ἐτελεύτησεν,
972 416 1024 484 έν-
1042 429 1078 484 36

57 506 165 596 τάφια
195 505 595 598 προπαρασκευασάμενος
624 504 661 578 τὸ
685 504 795 597 μέν’
774 508 937 602 αργύριον
968 515 1025 603 ἐμὲ

59 611 215 678 ἐκέλευεν
234 603 439 697 ἐνεγκεῖν,
416 637 459 688 ως
476 611 543 677 των
560 607 741 731 μαρτύρρν
761 604 926 697 ήκούσατε
942 643 1025 705 μαρ-

56 706 294 801 τυρησάντων,
319 704 536 836 ἀπειληφέναι
561 710 598 778 δὲ
621 737 710 801 παρα
699 707 827 780 τούδε
850 734 1026 804 προσεποι·

58 826 144 898 εῖτο,
169 804 248 898 παρ’
275 812 357 898 έμού
379 806 478 879 δέ’
438 811 548 880 ουκίτι
572 807 695 898 ήθελεν
718 807 962 901 ἀπολαβεῖν,
941 841 1025 884 υπο·

56 912 265 1038 παραθεῖν,
282 907 371 992 ὅπως
396 913 520 990 ἐκεῖνος
556 915 669 998 δοκοίη
703 909 846 983 θάπτειν
874 909 956 984 ἀλλά
978 913 1024 1004 μή
1049 997 1051 1003 Ι

58 1008 125 1098 ε’γτδ
143 1007 202 1080 τδν
220 1009 363 1081 πάππον.
399 1007 685 1132 ἀμφισβητοῦντος
704 1013 740 1082 δὲ
756 1011 877 1084 τούτου
895 1018 1008 1085 καί
967 1043 1025 1104 της

57 1120 168 1193 οἰκίας
190 1110 312 1200 ταύτης
335 1114 455 1183 καί
408 1141 475 1183 των
498 1109 609 1182 ἀλλων
632 1101 681 1183 66
705 1117 830 1196 ἐκεῖνος
858 1120 1023 1207 κατέλιπε,

58 1243 117 1282 και
104 1208 238 1283 οὐδὲν
256 1212 440 1301 φάσκοντος
458 1216 728 1284 καταλελοιπέναι
735 1213 1024 1303 βιασασδαι
962 1248 1024 1307 μ

59 1317 117 1382 καὶ
135 1310 196 1383 τὸυ
213 1312 349 1384 πάππον
367 1315 565 1403 μεταφέρειν
589 1317 625 1384 έν
646 1331 718 1395 ταῖς
742 1314 909 1398 τοιαύταις
932 1314 1024 1388 ἀκαι-

60 1423 149 1504 ρίαις
172 1410 235 1484 ούκ
259 1411 353 1507 ᾤμην
377 1419 466 1502 δεῖν,
489 1417 688 1503 τῶνφίλων
710 1444 765 1505 μοι
782 1420 888 1488 ταῦτα
910 1439 1024 1507 συγγι·

60 1513 300 1602 γνωσκόυίων,
328 1523 529 1585 σονεποίονν
548 1516 586 1584 δὲ
603 1518 658 1586 καὶ
676 1519 904 1608 συνέθαπτον,
924 1523 956 1602 ἐξ
975 1510 1024 1590 66

62 1612 80 1684 6
96 1614 229 1696 πάππος
247 1618 400 1684 κατέλιπε
417 1619 483 1686 666
495 1612 721 1705 ἀναλωμάτων
733 1622 948 1708 γιγνομένων.
967 1623 1023 1691 καί
1040 1646 1075 1700 39
1117 1685 1121 1692 ,

60 1720 167 1786 ταῦτα
183 1716 245 1805 μέν
262 1712 366 1796 οὕτως
378 1712 603 1804 ἀναγκασθεὶς
617 1722 741 1808 ἔπραξα
751 1722 871 1789 τούτου
882 1718 940 1789 τὸν
950 1719 1023 1810 τρό-

61 1836 141 1887 πον·
166 1812 256 1897 ὅπως
281 1817 317 1885 δέ
341 1821 445 1906 μηδέν
468 1845 533 1905 μου
550 1815 654 1906 ταύτῃ
672 1827 919 1907 πλεονεκτοῖεν,
941 1817 1021 1910 παρ’

59 1914 144 2006 ύμῖν
162 1916 345 2006 φάσκοντες
362 1914 464 1986 ούδὲν
481 1944 522 2005 με
540 1925 586 1997 εἰς
603 1915 664 2004 τήν
681 1914 791 2007 ταφήν
803 1914 1021 2009 ἀνηλωκέναι,

58 2016 119 2088 τὸν
138 2015 297 2106 ἐξηγητὴν
315 2016 469 2108 έρόμενος
488 2021 616 2087 ἐκείνου
634 2017 849 2099 κελεύσαντος
867 2015 1023 2107 ἀνήλωσα

59 2115 142 2209 παρ’
174 2121 329 2208 ἐμαυτού’
347 2120 403 2187 καὶ
432 2114 472 2186 τά
496 2124 596 2188 ἔνατα
619 2117 800 2240 έπήνεγκα,
825 2115 868 2200 ὥς
891 2116 964 2190 οἷόν
986 2149 1023 2190 τε

59 2219 220 2290 κάλλιστα
238 2216 509 2309 παρασκευάσας,
534 2223 590 2288 ἵνα
614 2215 725 2289 66666
750 2219 922 2342 ἐκκόψαιμι
944 2220 1023 2292 ταύ·

59 2349 122 2408 την
145 2318 208 2408 τήν
215 2326 437 2420 ἱεροσυλίαν,
468 2321 561 2388 καῖ’*
547 2349 602 2388 ινα
623 2317 668 2408 μή
693 2326 823 2390 δοκοῖεν
846 2310 938 2392 οὗτοι
952 2323 1024 2445 μέν
1096 2350 1099 2356 ·

59 2411 270 2509 ἀνηλωκέναι
287 2419 407 2508 πάντα,
428 2423 490 2507 ἐγω
480 2417 547 2489 δέ
563 2416 676 2509 ούδέν,
695 2417 803 2490 ἀλλ”
787 2430 908 2511 ομοίως
920 2419 1020 2512 κάγοί.

136 2524 205 2592 Καὶ
222 2550 262 2591 τα
250 2519 341 2610 μέν
357 2523 576 2612 γεγενημένα,
600 2523 655 2589 καὶ
681 2516 777 2590 δι’“
754 2551 775 2591 α
792 2520 832 2592 τά
848 2521 1023 2613 πράγματα
1039 2534 1074 2585 40

58 2619 156 2693 ταῦτ’
184 2629 317 2712 ἔχομεν,
341 2620 460 2711 σχεδόν
486 2649 518 2691 τι
534 2625 616 2691 ταύτ
620 2613 810 2712 ’ἐστίν,
783 2651 809 2692 6
833 2621 967 2713 ἀνδρες·
993 2631 1025 2693 εἰ

61 2724 99 2792 δὲ
124 2730 266 2812 εἰδείητε
288 2720 350 2810 τήν
374 2724 554 2802 Διοκλέους
583 2718 836 2845 ἀναισχυντίαν,
867 2726 1022 2840 καὶπερὶ

58 2823 99 2894 τά
122 2822 208 2894 ἀλλα
230 2819 299 2903 οἰός
323 2827 428 2912 ἐστιν,
457 2818 521 2892 ούκ
544 2817 586 2892 66
613 2819 821 2912 άπιστήσαιτ’
825 2829 931 2903 ῖσως
953 2827 1022 2894 666

60 2928 247 3047 εἰρημένων
270 2920 393 2994 ούδενί.
435 2913 530 3003 οὗτος
553 2952 615 3011 μεν
637 2920 700 3013 γάρ
725 2931 791 3013 ἔχει
812 2918 873 3010 τήν
890 2919 1020 3014 ούσίαν,

59 3022 121 3115 ἀφ’
141 3015 182 3114 ής
199 3029 265 3095 666
283 3028 352 3095 έστι
364 3022 522 3113 λαμπρός,
541 3019 728 3113 ἀλλοτρίαν,
747 3020 903 3112 ἀδελφοῖν
920 3029 1021 3117 τριῶν

61 3123 275 3217 ὁμομητρίων
299 3123 485 3214 ἐπικλήρων
518 3127 805 3212 καταλειφθεισων
839 3120 941 3195 αύτδν
974 3129 1023 3219 66

60 3230 163 3319 πατρί
182 3223 294 3296 66666
313 3224 513 3313 εἰσποιήσας,
533 3221 728 3313 ούδεμίαν’
712 3232 842 3295 εκείνου
853 3229 929 3316 περὶ
945 3224 1020 3296 τού-

60 3357 129 3398 των
152 3328 376 3448 ποιησαμένρυ
400 3323 574 3414 διαθήκην.
615 3341 690 3394 ταῖν
714 3321 747 3394 δ’
765 3322 929 3415 άδελφαῖν
945 3341 1021 3396 ταῖν
1037 3344 1071 3396 41

64 3434 162 3499 δυοῖν
181 3425 349 3516 έπειδή
312 3455 352 3496 τα
369 3425 517 3549 χρήματα
536 3421 837 3515 εἰσεπράττετούπδ
853 3431 921 3497 666
939 3430 1021 3495 έκεί-

62 3558 137 3614 ναις
155 3526 420 3617 συνοικούντων,
437 3524 497 3598 τδν
514 3522 648 3616 μεντήν
658 3530 923 3619 πρεσβυτέραν
905 3555 1021 3616 εχοντα

112 3643 223 3694 Imm.
845 3640 864 3703 8
