2466 3914
226 213 267 274 54
367 217 369 222 ·
643 205 771 258 ιαιιον
1084 205 1133 259 οι.
1149 209 1170 258 ι.

93 387 95 390 ’
225 394 297 458 ταῖς
318 380 378 446 τοῦ
398 378 579 456 τεθνεῶτος
602 374 776 462 διαθήκαις
797 380 1057 499 μεταγραφήναι·
1080 373 1172 449 οὐδὲν

224 475 288 572 γάγ
304 480 429 566 μᾶλλον
445 481 480 546 ολ
493 473 655 597 μάοτνγες
674 485 831 564 ελσονται,
851 483 882 546 εἰ
899 472 953 566 ἐφ’
971 473 1024 558 αἷς
1043 476 1171 566 ἐκλήθη-

176 576 209 627 14
224 599 288 648 σοιν
312 573 503 665 διαθήκαις,
532 566 628 646 αῦται
657 572 904 666 ἀποφαίνονται.
944 572 1041 648 ὁπότε
1066 579 1104 648 δὲ
1125 582 1170 648 καλ

223 674 302 759 τοῦς
329 671 595 766 ὁμολογουμένως
622 680 906 766 παραγενομένους
933 672 1064 748 οἷόν’
1032 705 1051 748 τ
1094 680 1171 748 έστλν

225 780 437 865 ἐξαπατήσω,
472 780 541 858 τοῖς
566 772 628 846 οῦκ
652 771 694 846 ἀν
718 771 804 866 ὑμᾶς
827 804 867 864 γε
890 775 968 858 τοῦς
993 778 1098 867 μηδὲν
1119 783 1172 848 τοῦ

157 933 161 948 ,
223 875 410 969 πράγματος
434 874 561 957 εἰδότας
582 873 666 948 πολά
687 879 811 965 μάλλον
834 874 1040 968 ἑτοιμότερόν
1056 905 1105 960 τις
1121 903 1209 954 τια-
1208 893 1209 918 ³

225 975 473 1069 οακροῦσασθαι
491 975 723 1066 ἐγχειρήσειενς

296 1073 393 1148 Ἀλλά
415 1074 481 1199 μὴν
497 1072 585 1147 καλ
569 1105 587 1147 ο
604 1074 718 1166 νόμος,
743 1105 768 1146 ω
757 1067 796 1166 Ι
819 1075 954 1167 ἄνδρες,
978 1074 1042 1148 οῦκ
1060 1075 1116 1149 έάν
1130 1105 1171 1159 τις

225 1180 382 1266 διαθήται
404 1175 523 1266 μόνον,
546 1176 712 1268 κυρίας
681 1203 765 1247 ειναι
787 1176 914 1248 κελεύει
931 1176 988 1259 τάς
1006 1176 1210 1266 διαθήκας,

223 1273 306 1348 ἀλλά
324 1267 439 1348 έάν
399 1305 437 1348 ευ
459 1306 603 1370 φγονωυ.
637 1281 794 1349 σκεπτέον
819 1275 859 1366 δή
876 1274 957 1368 ῦμλν
973 1277 1105 1370 πρῶτον
1119 1279 1210 1367 μὲν

224 1385 254 1448 ελ
276 1375 505 1467 ἐποιήσατο
469 1407 527 1459 τας
549 1376 728 1468 διαθήκας,
752 1386 864 1450 ἔπειτα
886 1386 916 1448 ελ
937 1376 981 1468 μή
1005 1381 1171 1470 παρανοῶν

174 1481 206 1534 15
225 1481 362 1551 διέθετο.
401 1475 639 1602 ἀντιλεγόντων
668 1475 701 1548 δ’
730 1473 824 1569 ἡμῶν
849 1476 995 1569 μηδὲ
960 1505 997 1551 το
1026 1477 1170 1571 τιαοάπον

222 1578 438 1667 γενέσθω
401 1608 459 1660 τας
483 1577 660 1668 διαθήκας,
686 1584 723 1648 ἐκ
743 1575 876 1661 τλνος”
855 1607 898 1650 αν
919 1578 1063 1670 τρόπου,
1087 1591 1170 1660 εἴτις

223 1683 399 1770 παρανοῶν
412 1682 560 1798 διέθετο,
577 1687 724 1768 γνοίητε,
742 1683 821 1800 πρὶν
831 1677 961 1770 περὶ’
920 1684 1025 1750 αυτοῦ
1035 1707 1094 1750 του
1081 1681 1211 1750 ’δια-
1210 1709 1211 1720 ’

222 1781 346 1851 θέσθαι
368 1783 556 1866 πιστεῦσαις
578 1776 655 1859 τοῦς
677 1769 797 1868 μὲν
754 1807 817 1850 ουν
833 1776 915 1850 κατά
931 1777 1004 1868 τήν
1009 1777 1137 1850 δόσιν’
1120 1807 1169 1868 αμ-

223 1875 505 2003 φισβητοῦυτας
490 1882 587 1970 ογάτε
615 1875 695 1950 ὅσον
716 1885 814 1971 ἔργον
837 1883 926 1950 ἐστὶν
949 1883 1126 1952 αἰσθέσθαι
1146 1891 1170 1947 ελ

223 1975 334 2069 ἀληθή
354 1984 502 2069 λέγουσι,
526 1976 604 2062 τοῦς
628 1981 665 2050 δὲ
687 1977 769 2050 κατά
790 2008 827 2051 το
816 1978 943 2069 γένος
965 1982 1097 2071 τοῦτον
1118 1980 1169 2068 μὲν

222 2076 323 2152 οῦδὲν
348 2086 402 2152 δεῖ
420 2079 587 2172 μάρτυρας
608 2083 837 2172 παρασχέσθω
859 2076 904 2162 ἀς
927 2074 1040 2162 αὑτοῖν
1058 2073 1169 2150 έστινό
1211 2103 1212 2140 ο

223 2183 342 2271 κλήγος
359 2179 462 2271 (παρὰ
479 2179 613 2262 πάντων
628 2178 692 2271 γάγ
709 2176 911 2272 ὡμολόγηται
927 2197 996 2262 τοῖς
1014 2177 1168 2269 έγγυτάτω

173 2286 205 2340 16
220 2282 338 2366 γένους
360 2278 400 2349 τά
422 2283 484 2350 τοῦ
503 2279 755 2369 τελευτήσαντος
777 2279 985 2370 γίγνεσθαι),
1015 2288 1125 2352 ἔπειτα
1144 2282 1171 2348 ολ

221 2375 315 2467 νόμοι
338 2376 378 2448 οῦ
399 2377 502 2468 μόνον
524 2386 558 2450 ολ
573 2385 648 2471 περὶ
670 2384 737 2452 τόν
758 2385 866 2470 γενῦν
882 2378 965 2451 ἀλλά
982 2384 1038 2452 καὶ
1055 2379 1168 2468 οἱπερὶ

220 2481 287 2548 τω“ν
303 2477 428 2549 δόσεων
436 2495 505 2561 τοῖς
516 2485 690 2568 συγγενέσι
706 2485 877 2570 βοηθοῦσι
904 2484 1022 2552 δοῦναι
1038 2482 1100 2570 μλν
1114 2475 1168 2568 γάρ

221 2573 354 2668 ὁνόμος
376 2575 490 2649 οῦδενλ
508 2578 597 2671 έᾷ
560 2609 600 2650 τα
618 2584 754 2669 ἑαυτοῦ,
779 2575 881 2653 έάν
859 2579 926 2652 υπό
942 2609 1053 2672 γήρως
1070 2609 1090 2669 η
1111 2575 1168 2648 ἀπὸ

220 2676 321 2749 νόσου
338 2674 360 2766 6
375 2674 442 2749 ἀπὸ
458 2684 526 2749 των
542 2677 682 2751 ἀλλων
667 2710 689 2750 α
683 2678 797 2752 καθ’
777 2699 872 2771 υμεις
889 2693 959 2752 λστε
970 2677 1167 2798 παρανοήση·

219 2777 301 2848 κατά
327 2777 422 2849 δὲ
387 2808 424 2849 το
441 2784 536 2867 γένος
559 2779 666 2851 καὶ
630 2811 670 2851 τα
686 2786 746 2851 τοῦ
762 2778 917 2853 ὁπωσοῦν
935 2772 1168 2872 διακειμένονο

170 2889 202 2940 17
221 2877 382 2965 έγγυτατα
392 2882 509 2968 γένους
521 2877 816 2972 ἀναμφισβητήτως
834 2881 1001 2972 λαμβάνει.
1028 2879 1168 2974 χωρλςδδ

218 2975 345 3050 τούτων
366 2997 437 3062 ταῖς
458 2983 520 3070 μὲν
544 2981 718 3072 διαθήκαις
741 2979 796 3052 διά
817 2981 993 3074 μαρτύρων
1016 2979 1101 3072 ῦμῦς
1123 2985 1169 3048 δελ

218 3083 390 3150 πιστεῦσαι
397 3077 489 3172 ,ἀφ’
509 3072 557 3152 οόν
575 3089 625 3153 ἔνι
641 3087 697 3154 καὶ
715 3086 958 3171 ἐξαπατηθῆναι
981 3079 1093 3172 (οῦ
1053 3111 1115 3172 γαρ
1131 3073 1167 3147 ἀν

217 3166 303 3266 ήσαν
326 3135 626 3305 ψευδομαρτυριων
644 3181 863 3272 ἐπισκήψεις),
892 3179 985 3273 τῇδ’
1009 3179 1166 3272 ἀγχιστεία

219 3273 304 3347 δι”
283 3307 379 3368 υμων
397 3277 521 3351 αάτων·
547 3280 629 3352 κατά
645 3281 707 3372 γὰρ
723 3279 800 3362 τοῦς
817 3281 939 3372 νόμους
955 3288 990 3353 οἱ
1005 3294 1165 3370 συγγενεῖς

169 3392 201 3444 18
218 3374 553 3499 ἀμφισβητοῦσιν,
520 3410 579 3462 ους
599 3379 695 3471 ὑμεῖς
712 3387 843 3453 ἔθεσθε
883 3380 964 3474 πρὸς
983 3383 1020 3453 δὲ
1036 3379 1163 3465 τοῦτοις,

219 3505 245 3545 ω
233 3467 397 3570 ἀνδρες,
417 3487 447 3550 ελ
462 3481 524 3568 μὲν
541 3487 575 3552 ολ
589 3479 670 3550 κατά
686 3478 743 3562 τάς
755 3480 918 3570 διαθήκας
929 3480 1165 3572 ἀμφισβητοῦν
