2460 3918
92 221 114 270 p.
131 203 171 254 τι
232 203 321 256 Πεει
338 202 414 256 σου
432 203 711 274 Διτειοεεαονε
728 207 893 261 mmor.
996 219 1035 282 61

157 369 284 461 Ἐπειδή
312 374 349 442 δὲ
367 373 591 462 ἐνείμαντο
557 404 616 446 τον
634 375 814 468 κλήρου,’
797 379 975 468 ομόσαντες
991 413 1036 473 μη
1053 405 1070 454 7

89 471 334 562 παραβήσεσθαι
367 471 407 542 τά
439 469 686 568 ἀμολογημένα,
721 481 922 567 ε’κίκτητο“
900 505 1035 566 εκαστος
1162 524 1163 535 ¹

90 571 211 643 δόδεκα
238 569 333 662 ἒτη“
311 602 333 641 α
358 581 468 696 ἔλαχε
494 579 550 646 καὶ
577 581 612 646 ἐν
638 577 782 672 τοσοότω
799 579 906 673 χρόνῳ
924 579 1035 653 οόσων

89 677 184 744 δικων
208 669 321 755 οὐδεὶς
348 671 460 743 αότοόν
485 672 605 764 ήξίωσε
629 675 669 747 τά
693 683 906 769 πεπραγμένα
930 688 1035 753 εἰπεῖν

88 769 201 854 ἀδίκως
227 777 436 865 πεπρᾶχθαι,
463 779 544 866 πρὶν
571 775 877 868 δυστυχησάσης
835 809 893 868 της
910 778 1035 864 πόλεως

87 877 134 942 καὶ
150 873 296 955 στάσεως
313 873 549 964 γενομένης’
509 879 656 963 κανόνος
673 875 786 948 οὑτοσὶ
803 884 952 960 πεισθεὶς
968 876 1034 950 ἀπό

86 977 233 1056 Μέλανος
250 979 312 1045 τοῦ
328 983 570 1069 Αἰγυπτίου,
559 967 587 1045 6
603 1002 665 1068 περ
681 982 736 1047 καί
753 970 855 1048 τάλλα
873 983 1033 1069 ἐπείθετο,

86 1069 322 1163 ήμφισβήτει’
304 1092 384 1164 ημῖν
409 1073 553 1156 ἅπαντος
578 1105 637 1146 του
627 1077 795 1169 κλήρου,
821 1077 961 1167 φάσκων
979 1077 1033 1169 ἐφ’

86 1170 138 1262 ὅλη
161 1179 344 1278 ποιηθήναι
376 1206 398 1246 υ
400 1174 448 1256 ίός
473 1172 539 1246 όπδ
565 1181 627 1246 τοῦ
651 1185 749 1246 θείου
774 1183 835 1248 τοῦ
865 1175 1032 1269 ἡμετέρου.
1076 1200 1077 1208 ’

85 1269 177 1396 ἡμεῖς
194 1262 257 1364 μὲν
283 1266 346 1344 οὖν
363 1284 542 1365 μαίνεσθαι
569 1273 670 1346 αὐτόν
687 1273 859 1369 ἡγούμεθα
876 1307 917 1368 τη
905 1277 1069 1367 λήξει,8

86 1371 140 1443 οόκ
156 1371 197 1444 ἀν
215 1403 296 1446 ποτε
313 1373 509 1464 οἰόμενοι
472 1405 534 1447 τον
545 1373 647 1446 αὐτόν
665 1374 820 1468 ἀνδρα
784 1407 856 1448 τοτε
873 1379 934 1467 μὲν
951 1376 1035 1467 φάσ-

85 1501 176 1544 κοντα
208 1479 262 1545 ἐπὶ
295 1478 343 1568 τῷ
367 1483 466 1569 τρίτρι
492 1479 582 1566 μέρει
609 1481 789 1564 ποιηθῆναι
816 1477 890 1548 τότε
918 1475 950 1546 δ’
979 1474 1032 1566 ἐφ’

85 1569 195 1644 ἅπαντι
220 1579 270 1669 τῷ
286 1573 397 1668 κλήρῳ
416 1575 508 1658 δόξαι
525 1572 667 1663 τάληθὲς
685 1579 793 1665 λέγειν
810 1574 905 1666 ὑμῖν·
933 1584 979 1658 εἰς
998 1579 1035 1646 δδ

88 1671 119 1743 τό
137 1674 349 1767 δικαστήριον
367 1675 574 1758 εἰσελθόντες
592 1679 647 1746 καὶ
664 1680 776 1770 πολλῷ
792 1685 895 1746 πλείω
912 1679 968 1746 καὶ
987 1682 1035 1745 δι·
1096 1703 1099 1708 ·

85 1773 227 1865 καιότερα
253 1778 404 1863 λέγοντες
430 1772 656 1864 ἠδικήθημεν,
683 1773 744 1865 οὐχ
768 1771 834 1844 ὑπό
860 1779 926 1844 ταῖν
945 1781 1034 1844 δικα·

84 1877 162 1944 στόν
179 1871 254 1945 ἀλλ’
273 1871 339 1944 ἀπό
351 1877 506 1955 Μέλανος
523 1877 584 1943 τοῦ
593 1883 780 1962 Αἰγυπτίου
797 1877 851 1944 καί
868 1877 935 1942 των
953 1877 1033 1942 ἐκεί-

84 2001 138 2043 νου
162 1983 289 2064 φίλων,
316 1983 350 2044 οἳ
375 1971 430 2042 διδ
455 1971 512 2053 τάς
529 1977 586 2060 τής
612 1973 738 2054 πόλεως
755 1971 927 2063 συμφοράς
946 1975 1032 2054 ίξου-
1057 2025 1063 2035 .

85 2081 153 2143 σίαν
169 2083 289 2164 σφίσιν
306 2070 419 2154 αὐτοῖς
444 2068 587 2160 ἡγοῦντο
606 2073 692 2142 εἰναι
709 2077 894 2160 κεκτῆσθαί
907 2099 942 2140 τε
958 2067 1033 2139 τάλ·

84 2171 187 2265 λότρια
213 2171 333 2274 καί
297 2203 337 2244 τα
361 2176 480 2260 ψευδῆ
501 2169 669 2259 ἀλλήλοις
677 2188 871 2263 μαρτυρεῖν
903 2166 969 2240 ὑπό
996 2169 1034 2238 δδ

84 2275 143 2342 τόν
164 2273 206 2344 τά
231 2277 369 2367 τοιαῦτα
394 2270 580 2342 ποιούντων
607 2269 859 2359 ἐξηπατήθησαν
884 2274 920 2340 οί
943 2276 1032 2339 δικα-

87 2382 158 2443 σταί,
194 2377 251 2448 καί
269 2370 363 2462 ἡμεῖς
388 2373 450 2461 μὲν
475 2365 964 2494 καταψευδομμρτυρηθέντες’
945 2395 1032 2438 απω-
1049 2388 1066 2438 9
1172 2449 1176 2456 Ι

87 2475 217 2563 λε’σαμευ
242 2471 284 2544 τά
300 2471 394 2543 ὅντα
421 2468 532 2542 καί
493 2500 555 2561 γαρ
573 2466 591 2540 6
609 2469 716 2562 πατήρ
733 2467 774 2541 06
797 2473 909 2564 πολλῷ
924 2465 1030 2560 χρόνῳ

85 2567 217 2665 ὕστερον
235 2571 316 2663 μετὰ
333 2570 394 2661 τήν
413 2577 511 2660 δίκην
529 2570 727 2660 ἐτελεύτησε,
746 2573 826 2662 πρὶν
844 2573 1031 2654 ἐπεξελθεῖν

85 2668 160 2753 οίςί
145 2673 351 2763 ἐπεσκήψατο
368 2675 436 2743 των
453 2669 642 2763 μαρτύρων
660 2674 877 2758 Δικαιογένης
896 2670 933 2737 δε
949 2664 1030 2754 πρός

85 2766 160 2860 ἡμᾶς
193 2771 239 2854 σός
255 2771 426 2943 ὲἐβούλετο
460 2769 703 2860 ἀγωνισάμενος
736 2775 778 2861 τή
812 2766 896 2857 αὐτῇ
926 2761 1029 2856 ήμέρρι

87 2871 270 2960 ἐξήλασεδ
230 2905 252 3002 μ
270 2905 291 2944 ν
316 2871 378 2961 τήν
395 2874 657 2960 Κηφισοφωντος
683 2899 742 2940 του
730 2867 943 2946 Παιανιέως
967 2878 1030 2935 θυ

85 2975 240 3065 γατίρα’
224 3002 260 3043 εκ
285 2977 346 3043 του
369 2976 505 3063 μέρους,
532 2967 716 3059 ἀδελφιδῆν
738 2959 841 3038 οὖσαν
859 2969 1030 3055 Δικαιογέ·

86 3099 157 3154 νους
173 3103 233 3144 του
221 3071 484 3152 καταλιπόντος
500 3069 541 3140 τά
556 3070 719 3161 χρήματα,
745 3065 897 3156 ἀφείλετο
916 3062 1006 3137 δὲ
969 3093 1030 3154 την

85 3177 290 3262 Δημοκλέους
300 3176 482 3262 γενομένην
496 3188 647 3259 γυναῖκα,
665 3165 686 3237 6
680 3166 918 3258 Δικαιογένης
936 3164 1028 3235 ἀδελ-

88 3269 142 3357 φός
168 3269 215 3344 ἀν
232 3281 373 3362 ἔδωκεν,
400 3270 553 3361 ἀφείλετο
581 3271 618 3339 δὲ
642 3271 696 3338 καὶ
723 3266 783 3356 τήν
800 3263 1028 3356 Κηφισοδότου

89 3377 202 3465 μητέρα
227 3377 281 3445 καί
307 3371 409 3444 αὐτόν
434 3375 551 3442 τοῦτον
576 3367 711 3438 ἅπαντα.
753 3365 864 3438 καί
825 3397 886 3458 γαρ
903 3364 1029 3437 τούτων
1047 3378 1079 3430 10
1137 3430 1138 3439 ,
1207 3337 1209 3423 ἰ

89 3498 134 3540 τοι
149 3469 212 3563 ἅμα
236 3477 291 3545 καὶ
318 3479 490 3566 ἐπίτροπος
516 3467 630 3540 καί’
589 3497 700 3560 κυριος
723 3471 777 3539 καί
795 3466 957 3546 ἀντίδικος
974 3454 1027 3552 ήν,
