2466 3914
180 231 220 295 32
595 213 750 266 ΙΣΑΙΟΤ
1043 205 1100 258 Οτι.
1118 203 1146 256 3.

144 392 394 522 θγραψάμεγος.
429 370 697 505 ἀμφισβητοόσης
716 383 753 452 δέ
770 384 828 469 τῆς
845 374 968 501 μητρός
986 379 1047 493 τῆς
1065 369 1146 464 ῆμε-

180 497 291 584 τέρας,
315 489 460 611 ἀδελφῆς
484 488 520 556 δέ
541 513 602 556 του
590 483 774 574 Πύρρου,
797 477 815 550 5
839 478 954 568 κάρτος
977 478 1038 564 τῆς
1057 481 1147 562 είλη-

181 601 275 683 χυίας
292 594 352 660 τοῦ
372 588 494 708 κλήρου
516 581 672 674 γυναικός
697 581 852 669 ἐτόλμησε
875 577 1148 667 διαμαρτυρῆσαι

181 721 226 780 μη
215 691 391 762 ἐπίδικον
408 716 447 777 τη
436 682 604 777 ἡμετέρᾳ
620 685 718 774 μητρὶ
735 679 793 751 τόν
810 708 870 750 του
859 674 1043 764 ἀδελφοῦ
1066 679 1148 762 κλῆ-

182 821 242 880 ρον
266 783 416 878 5va
392 817 436 869 οις
458 783 558 874 οὔσης
580 793 716 872 γνησίας
739 775 906 870 θυγατρός
928 774 1079 870 Πύρρῳ,
1104 765 1151 844 05

183 883 226 980 ῆν
244 885 394 980 ἐξάργῆς
415 884 578 1008 όκλῆρος.
621 879 877 969 ἐπισκηψάμενοι
897 871 970 946 δὲ’
952 891 1069 965 ημεϊς,
1089 877 1149 944 καὶ

186 985 267 1071 εἰς’
247 993 332 1078 υμάς
351 985 578 1075 εἰσαγαγόντες
589 981 646 1055 τόν
660 981 922 1070 διαμαρτυρῆσαι
933 974 1151 1065 τολμήσαντα

148 1086 264 1165 ςκατά
286 1091 405 1175 ταῦτα,
436 1085 562 1156 ἐκεῖνόν
582 1112 618 1155 τε
634 1083 863 1204 ἐξελέγξαντες
887 1104 1085 1167 τιεριφανως
1108 1072 1152 1145 τά

184 1192 294 1276 ψευδῆ
315 1184 583 1277 μεμαρτυρηκότα
605 1180 666 1270 τῆν
689 1184 756 1251 τῶν
774 1179 1079 1268 ψευδομαρτυριων
1098 1181 1152 1245 δί-

185 1317 248 1376 κην
267 1293 403 1376 εἵλομεν
414 1282 493 1374 παρ’
518 1281 616 1374 ὑμῖν,
640 1283 696 1353 καὶ
718 1281 849 1350 τουτονί
867 1274 1067 1366 Νικόδημον
1086 1302 1153 1346 ττα

185 1392 335 1507 ραηρῆμα
359 1389 572 1503 ἐξηλέγξαμεν
591 1387 711 1462 ἐντοῖς
729 1376 843 1459 αὐτοῖς
862 1373 1073 1457 δικασταίς’
1052 1405 1154 1447 ανατ-

187 1485 405 1575 σχυντότατον
421 1489 463 1574 τῆ
474 1491 637 1574 μαρτυρία
650 1479 731 1550 ὄντα
742 1479 858 1568 ταάτη,
877 1475 913 1559 ὅς
931 1505 971 1566 γε
989 1475 1156 1600 ἐτόλμησε

187 1589 391 1710 μαρτυρῆσαι
410 1587 614 1701 ἐγγυῆσαι
582 1611 627 1651 τοι
616 1586 729 1674 θείηι
748 1583 794 1672 τῷ
811 1576 957 1700 ήμετέρςο
976 1574 1039 1665 τῆν
1051 1573 1155 1646 ἀδελ·

150 1715 170 1764 ε)
187 1682 256 1774 φῆν
267 1682 328 1805 τήγ
347 1687 468 1754 ἑαυτοῦ
483 1700 627 1772 γυναῖκα
644 1681 729 1752 ειναι
746 1677 828 1750 κατά
845 1675 922 1800 τοής
939 1676 1074 1767 νόμους
1101 1675 1157 1746 ὅτι

189 1774 317 1873 μὲν
276 1814 338 1854 ουν
355 1812 410 1853 και
399 1786 521 1853 ἱ’ἐν
480 1811 520 1874 τη
538 1785 692 1904 προτέρα
706 1775 818 1869 δίκη’
800 1809 820 1868 η
838 1777 958 1849 τούτου
982 1785 1158 1868 μαρτυρία

190 1882 317 1972 ψευδής
334 1888 445 1967 ἐδοξεν
464 1878 598 1971 εἶναι,
583 1912 601 1956 ο
617 1877 692 2002 τόθ’
713 1875 864 1960 ἑαλωκός
881 1877 1008 1968 μάρτυς
1026 1881 1158 1966 σαφέσ-

190 1987 398 2054 τατατοότον
412 1985 622 2072 ἐξελέγχει]
592 2009 607 2050 ε
632 2009 695 2071 γαρ
704 2009 749 2069 μη
739 1969 922 2049 ἐδοκει
879 2006 977 2059 ουτος
988 2007 1029 2047 τα
1017 1975 1160 2065 ψευδη

191 2082 263 2152 τότε
280 2087 501 2174 μαρτυρῆσαι,
521 2077 657 2203 δήλου”
638 2109 688 2150 οτι
707 2073 917 2160 §nemim
897 2108 939 2149 αν
963 2074 1160 2166 ἀποφυγων

191 2179 252 2270 τήν
277 2189 516 2302 διαμαρτυρίαν
538 2177 682 2269 ἀπῆλθε,
714 2183 768 2250 καὶ
792 2177 993 2269 κληρονόμος
1016 2173 1060 2248 ἀν
1085 2181 1161 2248 τῶν

192 2309 251 2351 του
239 2277 400 2402 θείγυ’
383 2309 403 2368 η
422 2288 724 2371 διαμαρτυρηθείσα
741 2287 861 2368 γνησία
877 2277 1032 2369 θυγάτηρ
1053 2277 1159 2367 εἶναι,

157 2376 267 2448 οάλλ’
291 2376 352 2449 οὐκ
373 2375 415 2449 ἀν
437 2376 458 2467 5
482 2376 621 2469 ῆμετίρα
644 2381 781 2466 κατέστη
804 2376 919 2468 μήτηρ.
956 2374 1098 2459 ἁλόντος
1121 2379 1161 2448 δέ

195 2482 255 2547 τοῦ
277 2477 440 2567 μάρτυρος
464 2481 519 2547 καὶ
537 2475 721 2566 ἀποστάσης
739 2483 799 2549 τοῦ
816 2476 941 2569 κλήρου
967 2481 1026 2566 τῆς
1053 2475 1161 2568 ἀμφι·

196 2576 380 2698 σβητοάσης
403 2585 541 2664 γνησίας
562 2576 728 2666 θυγατρός
745 2577 887 2670 Πάρρῳ
899 2579 1002 2666 εἶναι,
1027 2577 1163 2668 μεγάλη

196 2673 322 2763 ἀνάγκη
345 2673 412 2764 ἀμα
434 2674 547 2745 καλ
511 2705 572 2764 την
594 2676 715 2748 τούτου
744 2687 930 2774 μαρτυρίαν
955 2681 1162 2748 ἑαλωκέναι·

197 2773 333 2863 περὶ
295 2805 357 2865 γαρ
382 2773 485 2845 αάτοά
510 2775 630 2847 τούτου
658 2773 676 2846 5
700 2777 967 2900 διαμαρτυρήσας
995 2776 1060 2866 τήν
1088 2808 1165 2850 των

198 2879 493 2964 ψευδομαρτυριῶν
512 2881 608 2964 δίκην
620 2873 808 2966 ῆγωνίζετο,
828 2877 967 2968 πότερον
986 2882 1018 2962 ἐξ
1040 2883 1164 2968 ἐγγυη-

196 2976 255 3060 τῆς
282 2968 303 3060 5
335 2977 412 3056 5‘
396 2982 525 3064 εταίρας
552 2972 572 3064 ῆ
602 2973 853 3065 ἀμφισβητοῦσα
875 2982 937 3049 τοῦ
959 2977 1090 3071 κλήρου
1114 2984 1164 3072 τῷ

198 3079 282 3164 θείῳ
311 3071 466 3160 γυναικός
491 3085 557 3163 εἴη
602 3075 774 3164 γνώσεσθε
805 3075 837 3147 δ’
868 3075 1074 3162 ἀκούσαντες
1104 3051 1164 3150 κάλ

199 3165 294 3258 ὑμεῖς
310 3176 368 3258 τῆς
385 3199 421 3241 τε
437 3171 640 3263 ἀντωμοσίας
657 3179 714 3264 τῆς
727 3173 885 3270 ῆμετέρας
898 3182 1008 3250 καὶ
966 3208 1025 3269 της
1036 3178 1166 3252 τούτου

199 3279 381 3361 μαρτυρίας
403 3275 458 3341 καὶ
486 3277 542 3361 τῆς
570 3271 712 3363 ἀλούσης
742 3283 989 3371 διαμαρτυρίας
1031 3277 1168 3370 Ἀτταγί-

166 3389 182 3436 7
200 3389 329 3456 γνωσκε
346 3368 459 3458 λαβάν
474 3371 629 3444 τασδλ’
588 3391 711 3456 αυτοῖς.

308 3499 531 3553 ΑΝΤΩΜΟΣΙΑ.
565 3503 760 3558 ΜΑΡΤΤΡΙΔ.
796 3509 1059 3561 ΔΙΑΜΑΡΤΤΡΙΔ.
