2460 3918
219 257 278 322 100
621 255 749 307 ΙΣΑΙΟΤ
1074 251 1127 302 012·
1147 251 1172 302 7·

215 434 286 530 γών
304 420 522 520 ἐνίκησεν,
495 459 542 501 ων
559 445 701 520 μνημεῖα
723 433 781 518 τῆς
799 432 927 500 ἐκείνου
948 420 1172 515 φιλοτιμίας
1154 454 1172 495 ο

215 541 353 623 τρίπους
380 534 551 611 ἐκεῖνος”
530 553 653 618 εστηκε
698 538 803 601 καίτοι
829 537 864 599 τί
883 525 944 619 χρὴ
961 525 1021 598 τόν
1037 527 1173 617 μέτριον

215 639 369 722 πολίτην;
392 629 453 722 ούχ
475 659 516 701 ου
507 621 597 720 μὲν
614 629 776 722 ἕτεροι
739 660 780 700 τα
796 659 840 721 μη
857 624 1056 720 προσήκοντ’
1083 627 1173 714 ἐβιά-

215 744 307 820 ζοντα
329 732 527 823 λαμβάνειν,
550 731 678 803 τούτων
679 732 806 856 μηδὲν
828 745 953 817 ποιεῖν,
976 725 1016 799 τά
1040 724 1073 798 δ’
1093 731 1173 798 ἑαυ-

214 839 276 906 τοῦ
296 837 473 925 πειρᾶσθαι
496 831 627 919 σώζειν;
650 822 746 903 οὔδ’
769 827 901 921 ἡπόλις
926 835 1030 899 δεῖται
1047 828 1174 920 χρημά-

213 964 296 1024 τιον,
316 939 353 1005 ἐν
370 933 509 1026 πρώτοις
528 936 694 1064 εἰσφέρειν
711 935 766 1003 καλ
782 933 866 1023 μηδὲ
867 962 888 1002 ν
898 927 1174 1052 ἀποκρύπτεσθαι

163 1058 195 1108 41
213 1039 280 1106 τών
297 1031 420 1122 &mmm
439 1038 562 1115 ἐκεῖνος
578 1042 694 1104 τοίνυν
710 1037 856 1114 τοιούτος
877 1021 921 1120 ἦν
929 1027 1034 1102 ἀνθ’
1054 1020 1103 1100 τόν
1122 1037 1173 1100 δι-

214 1129 361 1218 καίοις”
340 1165 382 1206 αν
408 1131 499 1228 αύτῷ
529 1133 652 1222 ταύτην
677 1131 738 1222 την
763 1133 860 1224 χάριν
882 1129 1075 1220 ἀποδοίητε,
1108 1130 1173 1219 τὴν

215 1241 344 1308 ἐκείνου
365 1235 501 1325 γνώμην
523 1237 598 1326 περὶ
618 1239 687 1304 τών
710 1229 813 1306 αύτου
800 1233 1003 1325 ’κυρίαν
973 1261 1058 1304 ειναι
1076 1233 1173 1322 ποιή-

57 1417 60 1427 ,
157 1352 162 1362 ’
214 1357 339 1418 σαντες.
375 1339 430 1406 καὶ
447 1335 579 1425 μὴνκαὶ
598 1338 657 1424 ἐμέ
669 1363 726 1424 γε,
743 1332 805 1405 ὅσα
822 1331 904 1404 κατά
920 1331 981 1423 τὴν
1000 1331 1080 1423 ἐμὴν
1099 1331 1171 1424 ἡλι-

213 1445 306 1526 κίαν,
331 1431 486 1527 εὑρήσετε
509 1431 550 1505 ού
567 1433 670 1505 κακόν
692 1432 773 1505 οὐδὲ
790 1433 959 1525 ἄχρηστον.
996 1433 1170 1526 ἐστράτευ-

211 1567 270 1627 μαι
286 1534 344 1618 τάς
361 1544 530 1627 στρατείας
541 1539 582 1626 τῇ
599 1534 709 1624 πόλει,
727 1533 767 1604 τά
784 1535 1049 1626 προσταττόμενα
1066 1539 1153 1606 ποιοῖ
1162 1555 1168 1568 ·

161 1656 195 1707 42
211 1640 307 1706 τοῦτο
330 1633 393 1726 γάρ
414 1640 482 1706 τών
499 1633 702 1724 τηλικούτων
725 1642 823 1725 ἔργον
841 1641 917 1706 ἐστί.
953 1639 1009 1706 καὶ
1028 1640 1169 1707 ἐκείνων

211 1727 274 1806 ούν
291 1740 388 1808 ἕνεκα
399 1740 454 1807 καὶ
471 1730 565 1824 ἡμών
583 1734 714 1818 εἰκότως
726 1730 768 1806 ἀν
785 1734 982 1826 ποιήσαισθε
993 1735 1166 1827 πρόνοιαν,

211 1833 317 1917 αλλως
339 1865 376 1906 τε
398 1839 454 1906 καὶ
477 1834 604 1958 τούτων
626 1838 886 1928 τριηραρχοῦντα
902 1837 995 1907 οἶκον
1012 1836 1167 1908 πεντετά-

211 1933 373 2007 λαντον’
353 1933 568 2059 ανηρηκότων
591 1940 645 2007 καὶ
663 1936 878 2028 πεπρακότων
894 1940 950 2007 καὶ
970 1944 1092 2028 ἔρημον
1109 1966 1165 2008 πε-

209 2036 409 2126 ποιηκότων,
436 2031 531 2127 ἡμῶν
557 2039 594 2106 δὲ
619 2039 674 2107 καὶ
692 2029 1008 2128 λελείτουργηκότων
1026 2035 1091 2127 ἤδη
1109 2041 1227 2137 καὶ

209 2135 556 2226 λειτουργησόντων,
550 2131 592 2210 ἀν
609 2131 704 2225 ύμεῖς
723 2136 1005 2230 ἐπικυρώσητε
968 2167 1030 2226 την
1051 2135 1164 2209 Ἀπολ-
1225 2199 1226 2231 ,

209 2235 359 2326 λοδώρου
376 2236 512 2326 γνώμην
529 2232 710 2318 ἀποδόντες
727 2231 806 2326 ημῖν
818 2242 936 2308 τούτου
953 2235 1011 2309 τόν
1029 2244 1160 2363 κληρον.
1224 2281 1225 2323 η

159 2357 192 2408 43
274 2332 346 2405 Ἵνα
370 2334 465 2406 δὲ
424 2366 468 2425 μη
492 2339 582 2408 δοκώ
599 2342 780 2427 διατρίβειν
797 2341 873 2430 περὶ
889 2343 993 2409 ταῦτα
1009 2338 1164 2429 ποιούμε-
1223 2375 1224 2417 ι

209 2463 265 2516 νος
281 2433 358 2515 τούς
384 2435 516 2525 λόγους,
543 2434 703 2526 βούλομαι
731 2436 785 2507 διά
808 2441 957 2529 βραχίων
979 2435 1065 2529 ύμάς
1082 2436 1163 2511 ύπο·
1222 2475 1223 2509 ι

209 2532 336 2623 μνησας
359 2532 446 2605 οὗτοι
472 2544 703 2627 καταβαίνειν,
725 2547 759 2608 τί
782 2538 931 2626 ἑκάτερος
954 2535 1049 2629 ἡμῶν
1065 2536 1161 2630 ἀξιοῖ,
1221 2573 1222 2603 ι

211 2633 369 2722 δηλώσας.
406 2633 469 2724 ἐγώ
486 2638 547 2725 μὲν
564 2633 710 2727 ἀδελφῆς
726 2635 828 2728 ούσης
844 2643 901 2728 τῆς
914 2644 990 2729 ἐμῆς
1014 2639 1018 2728 ί
1042 2639 1163 2764 μητρός
1220 2671 1221 2695 ι

207 2731 456 2860 Ἀπολλοδώρῳ,
493 2744 606 2824 φιλίας
643 2735 754 2819 αύτοῖς
785 2745 906 2828 πολλῆς
936 2736 1160 2831 ὑπαρχούσης,
1219 2743 1220 2787 ί

210 2842 331 2955 ἔχθρας
355 2831 388 2906 δ’
412 2832 569 2925 ούδεμιάς
592 2836 723 2908 πώποτε
739 2843 934 2929 γενομένης,
958 2836 1219 2962 ἀδελφιδοῦς

210 2928 257 3003 ών
274 2938 330 3005 καὶ
340 2939 494 3024 ποιηθεὶς
506 2933 614 3018 υίός
594 2965 643 3007 υπ
645 2934 802 3009 ’ἐκείνου
813 2944 931 3024 ζώντος
949 2932 1064 3010 καὶ
1024 2969 1062 3012 ευ
1081 2971 1160 3033 φρο-

208 3037 360 3125 νοῦντος,
379 3041 483 3108 καὶί
453 3066 468 3107 ε
470 3045 499 3119 ς
515 3066 592 3118 τους
610 3037 769 3127 γεννήτας
787 3043 842 3109 καὶ
859 3040 1026 3132 φράτορας
1046 3047 1159 3133 ἐγγρα-

107 3179 111 3187 1
208 3140 299 3222 φείς,
319 3143 405 3225 ἔχειν
421 3167 462 3208 τα
450 3134 638 3227 δοθέντα,
657 3141 713 3209 καὶ
729 3168 773 3229 μη
763 3136 876 3211 εἶναι
895 3145 948 3212 ἐπὶ
965 3141 1095 3224 τούτοις
1114 3148 1159 3226 ἐξ·

208 3235 373 3323 ερημώσαι
396 3235 454 3308 τόν
475 3235 623 3308 οίκον
589 3267 647 3308 του
671 3243 814 3310 ἐκείνου
861 3240 1043 3362 Προνάπης
1069 3245 1107 3314 δὲ
1128 3251 1162 3326 τί

156 3349 190 3399 44
205 3327 348 3423 ύπὲρ
307 3363 364 3423 της
375 3333 653 3425 ἀμφισβητούσηςς
672 3346 758 3428 ἔχειν
774 3341 835 3429 μὲν
851 3347 913 3412 τού
927 3372 984 3465 της
1002 3341 1158 3432 γυναικός

205 3429 354 3522 ἀδελφοῦ
378 3434 474 3524 τιμὴν
499 3441 560 3507 τού
584 3433 778 3528 ἡμικληρίου
810 3439 911 3513 πένθ’
943 3439 1156 3533 ἡμιτάλαντα,

206 3539 322 3620 λαβεῖν
349 3536 386 3604 δε
411 3540 466 3605 καὶ
491 3535 588 3607 τόνδε
613 3535 671 3608 τόν
695 3544 818 3628 κληρον
841 3545 961 3632 ετίρων
978 3561 1051 3626 ταῖς
1067 3541 1158 3634 ἀγχί
