2460 3918
222 241 283 306 130
633 231 760 284 ιειιοτ
1059 231 1112 284 02.
1132 229 1169 287 ιο.

217 401 430 497 Ἀριστάρχου
454 409 500 498 τῷ
521 409 588 474 υίεῑ
610 401 800 495 Δημοχάρει
823 401 1069 491 καταλιπόντος,
1094 405 1169 472 ἐκεί-

220 535 283 580 νου
308 507 345 576 δὲ
367 509 408 594 τῆ
429 501 559 595 άδελφῆ
581 509 622 594 τῆ
645 506 767 575 ἑαυτοῦ
787 502 908 594 ταύτη,
932 506 1029 594 μητρὶ
1049 503 1087 572 δὲ
1105 507 1170 592 ἐμῆ.

223 613 277 677 δελ
298 609 351 696 δέ,
377 603 490 692 ἐπειδή
514 612 589 674 λίαν
605 599 898 694 ἀναισχυντοῦσιν,
922 593 1103 693 οδάνδρες,
1121 605 1172 672 καὶ

222 705 262 776 τά
278 704 426 796 χρήματα
448 703 537 795 παρά
558 702 595 774 τδ
619 711 747 775 δίκαιον
770 711 857 794 ἔχειν
880 701 1024 793 άξιούσι,
1052 715 1172 792 μαθεῖν

176 872 180 880 ,
222 803 307 895 ύμάς
324 802 370 887 ὦς
386 802 468 876 ούδδ
491 801 569 876 καθ’
594 808 653 875 ἕνα
675 803 778 894 νόμον
798 802 1008 895 Ἀρίσταρχος
1029 811 1080 884 είς
1101 800 1172 884 τούς

222 904 387 998 φράτορας
403 903 480 986 τούς
504 909 633 976 ἐκείνου
656 907 815 993 είσῆκται·
840 903 897 975 ἐάν
913 901 976 995 γάρ
998 907 1098 974 τούτο
1120 901 1172 992 μά-

222 1020 322 1095 θητε,
341 1007 455 1096 σαφιύς
473 1014 606 1077 εἴσεσθε
622 1002 673 1076 ὅτι
689 1009 736 1099 τῷ
751 1003 796 1095 μή
816 1011 950 1086 δικαίως
969 1011 1077 1094 ἔχοντι
1100 999 1172 1074 ούδὲ

187 1114 432 1178 9διατίθεσθαι
462 1109 538 1198 περὶ
571 1102 682 1178 αύτῶν
710 1109 884 1197 προσῆκεν.
935 1104 1034 1193 Οἶμαι
1064 1111 1173 1176 τοίνυν

222 1205 348 1288 πάντας
370 1203 455 1296 ύμοῖς
480 1209 619 1294 εἰδέναι,
644 1196 823 1296 ύάνδρες,
845 1201 897 1276 ὅτι
914 1202 995 1276 κατά
1014 1202 1173 1293 διαθήκας

223 1312 261 1377 αί
281 1309 459 1396 είσαηωγαὶ
481 1307 549 1378 τοῖν
579 1304 776 1394 είσιτοιήτων
797 1313 984 1394 γίγνονται,
1016 1303 1173 1375 διδόντων

222 1406 262 1478 τά
281 1410 410 1478 ἑαυτῶν
427 1409 481 1476 καὶ
497 1411 583 1488 υίείς
599 1409 823 1495 ποιουμένων,
846 1403 952 1486 άλλως
978 1407 1015 1476 δὲ
1031 1402 1098 1476 ούκ
1115 1410 1171 1488 ἕξε-

223 1530 304 1577 στιν.
348 1518 413 1577 είτε
430 1497 493 1577 ούν
508 1503 718 1597 Ἀρίσταρχον
740 1505 839 1596 φήσει
866 1535 915 1587 τις
937 1502 1042 1592 αύτδν
1068 1507 1170 1576 διαθέ-

222 1619 318 1696 σθαι,
337 1603 399 1678 ούιι
415 1604 526 1694 άληθῆ
542 1609 640 1690 λέξει·
659 1614 799 1694 γνησίου
815 1604 879 1697 γάρ
889 1604 984 1688 ὄντος
1002 1603 1096 1699 αύτῷ
1111 1619 1169 1694 Δη·

223 1706 387 1798 μοχάρους
409 1710 498 1788 υίέος
515 1703 586 1777 οὔτ’
605 1701 647 1777 άν
666 1705 818 1795 ἐβούλετο
842 1709 945 1777 ταύτα
964 1707 1171 1797 [δια]ττράξαι,
1212 1787 1213 1812 ρ

222 1806 305 1892 οὔτε,
324 1811 398 1895 ἐξῆν
423 1811 539 1878 δούναι
556 1805 597 1877 τά
615 1811 737 1878 ἕαυτού
754 1810 869 1901 ἑτέρῳ·
888 1818 953 1878 είτε
967 1803 1170 1897 Ἀριστάρχου

222 1907 478 1995 τελευτήσαντος
499 1906 700 1998 Δημοχάρην
734 1904 836 1978 αύτόν
869 1905 1091 1997 ποιήσασθαι,
1123 1908 1169 1976 καὶ

173 2028 207 2080 10
223 2011 327 2078 ταῦτα
348 2006 535 2091 ψεύσονται.
577 2005 695 2090 παιδὸς
718 2006 781 2098 γάρ
804 2005 867 2078 ούκ
890 2013 994 2092 ἔξεστι
1013 2005 1169 2096 διαθήκην

223 2112 396 2197 γενέσθαι·
420 2104 438 2177 δ
461 2105 525 2198 γάρ
546 2107 646 2199 νόμος
671 2106 854 2200 διαρρήδην
876 2107 999 2179 κωλύει
1022 2111 1117 2179 παιδί
1133 2103 1169 2196 μή

225 2213 344 2292 ἐξεῖναι
362 2206 563 2298 συμβάλλειν
577 2210 661 2298 μηδὲ
677 2212 811 2298 γυναικὶ
828 2210 912 2300 τιέρα
928 2214 1095 2298 μεδίμνου
1111 2237 1170 2298 κρι-
1211 2203 1212 2232 ³

223 2312 306 2379 θοῖν.
358 2307 603 2400 μεμαρτύρηται
632 2311 669 2380 δὲ
695 2305 905 2400 Ἀρίσταρχον
931 2310 993 2400 μὲν
1020 2308 1169 2401 πρότερον

224 2406 441 2498 Δημοχάρους
463 2413 523 2478 τού
544 2413 634 2490 υίέος
650 2413 859 2498 τελευτῆσαι,
885 2413 1012 2480 ἐκείνου
1031 2411 1071 2480 δὲ
1090 2406 1169 2479 ύστε-

224 2536 284 2598 ρον
306 2509 367 2578 τού
389 2507 526 2599 ιιατρός·
558 2506 644 2580 ὥστε
671 2508 753 2582 κατά
775 2538 814 2597 με
838 2508 1003 2598 διαθήκην
1031 2515 1169 2593 ἐκείνων,

131 2607 133 2612 ’
223 2604 299 2678 οὐδ’
320 2615 351 2677 εί
368 2612 518 2699 δμέθεντο
535 2612 701 2700 προσῆκεν
723 2605 815 2702 αύτῷ
830 2607 957 2681 τούτων
973 2613 1043 2681 τῶν
1059 2606 1169 2702 χρημά-
1210 2637 1211 2672 ι

224 2737 292 2780 των
314 2709 565 2797 κληρονομῆσαι.
604 2706 790 2798 Ἀνάγνωθι
814 2707 856 2800 δή
878 2713 934 2779 καὶ
950 2709 1028 2792 τούς
1046 2709 1169 2800 νόμους,

224 2805 305 2880 καθ’
324 2804 382 2891 ούς
399 2805 562 2904 ούδετέρρι
575 2806 686 2880 αύτύν
700 2813 775 2897 ἐξῆν
788 2808 950 2899 διαθήκας
967 2810 1169 2900 ποιήσασθαι.

638 2975 766 3026 ΝΟΜΟῙ.
1209 3017 1210 3074 ρ

171 3127 205 3178 11
302 3109 353 3181 Ού
375 3121 508 3202 τοίνυν,
534 3103 714 3204 άάυδρες,
739 3110 820 3183 ούδὲ
837 3119 1039 3205 Κυρωνίδην
1056 3109 1169 3183 οἷόντε

225 3199 267 3298 ῆν
283 3209 360 3282 υίδν
375 3209 571 3306 Ἀριστάρχῳ
590 3218 786 3302 είσττοιῆσαι,
804 3210 879 3284 ἄλλ’
898 3211 991 3308 αύτῷ
1006 3216 1068 3304 μὲν
1082 3217 1168 3283 ἐταν-

226 3319 339 3382 ελθεῖν
363 3318 409 3393 είς
431 3311 490 3382 τδν
512 3318 664 3407 πατρῷον
686 3314 778 3384 οἶκον
802 3317 893 3404 ἐξῆν,
917 3312 995 3387 υίδυ
1013 3319 1167 3404 ἐγκαταλι
1208 3395 1209 3404 ¹

225 3407 329 3480 πάντα
346 3415 382 3480 ἐν
398 3416 446 3503 τῷ
455 3416 652 3492 Ξεναινέτου
669 3424 768 3507 οἴκῳ,
788 3418 819 3500 ἐξ
837 3411 944 3486 αύτού
955 3418 996 3485 δέ
1009 3445 1083 3487 τινα
1098 3409 1167 3500 άχα-
1208 3413 1209 3462 ἶ

224 3525 296 3596 γεϊν
318 3506 380 3580 ούκ
403 3519 470 3581 ἔστι
487 3509 600 3600 νόμος·
623 3509 720 3602 ήέάν
737 3517 840 3605 φιύσι,
864 3513 1052 3599 ψεύσονται.
1093 3511 1168 3583 ύστε
