2460 3918
63 226 87 276 p.
103 208 143 260 59.
197 209 294 261 ΠΕΡΙ
309 208 385 262 ΤΟΤ
404 209 702 264 ΦΙΛΟΚΤΗΜΟΝΟΣ
719 211 882 265 ΚΛΗΡΟΤ.
979 222 1020 282 77

63 378 257 472 συνῴκησεν
275 385 390 475 ἐκείνω
407 377 428 469 6
447 380 589 473 διητήθη
615 371 772 454 τυσοῦτον
788 383 909 475 χρόνον
926 389 962 456 ἐν
978 393 1020 479 τῇ

61 488 152 571 υίκίμ.1
187 479 231 550 τά
248 480 322 573 γάρ
339 487 477 554 τοιαῦτα
502 479 563 553 οὐκ
582 491 628 564 εἰς
645 481 707 571 τήν
724 480 898 574 ἀνάκρισιν
914 485 1019 575 μόνον

63 587 109 650 δεῖ
122 589 323 673 πορίζεσθαι
348 579 508 673 ὀνόματα,
537 580 619 653 άλλά
635 587 678 674 πή
702 581 844 677 ἀληθείᾳ
859 587 1019 674 γεγονότα

60 677 306 771 ἀποφαίνεσθαι
337 686 392 754 καὶ
423 679 489 755 666
510 688 578 754 των
600 684 834 774 προσηκόντων
856 715 1017 780 καταμαρ-

60 795 239 871 τηρεῖσθαι.
278 781 446 868 ἀποδεῖξαι
463 793 580 856 τοίνυν
596 781 690 875 ἡμῶν
707 784 949 858 κελευόντωυ”
929 810 1018 870 υστις
1036 807 1069 859 16

60 882 122 951 οἶδε
138 887 210 955 τοῖν
222 881 439 975 Εὐκτήμονος
450 880 621 956 οίκείων”
600 913 622 973 η
638 885 883 976 συνοικήσασαν
902 892 971 958 ἐκεί
956 897 1017 983 ίνῳ

60 981 125 1052 τινά
145 1015 166 1072 η
151 980 267 1075 ”[τήν
284 985 493 1076 Καλλίππην]
515 990 828 1077 ἐπιτροπευομένηυ,
855 991 911 1058 καὶ
929 988 1018 1080 παρά

59 1088 117 1154 τόν
133 1083 247 1157 όντων
264 1085 483 1177 θεραπόντων
499 1084 558 1157 τόν
576 1093 710 1175 ἔλεγχον
735 1101 921 1179 ποιεῖσθαι,
948 1085 969 1178 ή
988 1102 1021 1160 εί

59 1212 100 1264 τις
116 1189 183 1257 666
201 1184 287 1287 παρ’
315 1184 427 1268 αὐτοῖς
446 1191 583 1258 06666
609 1186 729 1277 φάσκει
753 1191 857 1258 ταῦτα
881 1194 1015 1281 είδέναι,

59 1279 111 1372 ήμῖ
109 1316 129 1354 ν
145 1279 379 1378 παραδοῦναι,
398 1284 476 1357 οὔτε
493 1296 609 1375 λαβεῖν
614 1284 795 1412 ἠθέλησαν
812 1286 892 1360 οὔθ’
911 1286 996 1413 ἡμῖν
1010 1286 1014 1388 ή

61 1393 275 1476 παραδοῦναι.
319 1396 391 1459 Καί
413 1417 468 1476 μοι
484 1389 566 1476 λαβε
582 1417 643 1477 την
660 1417 678 1457 τ
711 1385 887 1479 άπόκρισιν
905 1387 1016 1462 αὐτῶν

61 1485 158 1554 καὶ
122 1516 181 1569 τας
200 1485 364 1580 ἡμετέρας
381 1497 562 1578 μαρτυρίας
580 1491 634 1559 καὶ
652 1487 856 1580 προκλήσεις

153 1653 374 1706 ΑΠΟΚΡΙΣΙΣ.
410 1653 623 1706 ΜΑΡΤΤΡΙΑΙ.
658 1654 912 1706 ΠΡΟΚΛΗΣΕΙΣ.

127 1782 229 1864 Οὗτοι
256 1795 319 1882 μὲν
343 1802 460 1865 τοίνυν
484 1797 612 1864 τοιοῦτο
630 1798 763 1884 πρᾶγμα
781 1802 920 1882 ἔφυγον·
950 1792 1063 1880 661⁷

65 1884 88 1954 δ’
104 1885 182 1980 ὑμῖν
210 1897 365 1978 ἐπιδείξω
391 1897 446 1964 καὶ
471 1891 554 1965 ’ὅθεν
581 1895 644 1964 είσὶ
670 1897 725 1963 καὶ
750 1899 869 1973 οἵτινες
892 1889 1013 1974 666069

63 1999 206 2106 γνησίους
242 1993 509 2085 διεμαρτόρησαυ
536 1993 622 2064 εἶναι
647 1995 702 2065 καὶ
719 1992 943 2084 κληρονόμους
961 2002 1012 2082 ζη-

63 2093 142 2160 τουσι
164 2099 368 2183 καταστῆσαι
391 2098 459 2165 τοῖν
475 2090 697 2182 Εὐκτήμονος.
742 2105 820 2173 ῖσως
844 2095 904 2182 μέν
923 2097 1012 2163 ἐστιν

64 2192 148 2275 κηδες
162 2194 405 2289 Φανοστράτῳ,
425 2225 451 2264 ω
439 2186 607 2285 ἄνδρες,
625 2191 682 2274 τάς
700 2190 912 2283 Εὐκτήμονος
931 2213 1033 2295 συμῇ,

64 2289 152 2379 φοράς
169 2294 320 2386 φανεράς
337 2294 555 2366 καθεστάναι
583 2290 678 2383 ολίγα
697 2291 730 2363 δ
750 2291 931 2382 άναγκαῖυν
955 2299 1011 2386 ῥη-

63 2393 211 2482 θήυαι,“
196 2393 244 2466 ιν’
273 2392 370 2486 ὑμεῖς
393 2393 454 2484 τήν
480 2392 654 2564 6666666z
659 2393 783 2476 εἰδότες
806 2393 940 2486 6606
904 2424 944 2465 τα
963 2401 1011 2465 δί·

65 2513 126 2558 καια
151 2505 356 2586 ψηφίσησθε.
402 2492 589 2586 Εὐκτήμων
614 2496 685 2618 μὲν
699 2493 763 2586 γάρ
791 2500 870 2583 ἐβίω
895 2503 950 2584 ἔτη
975 2499 1009 2580 ἓξ
1030 2507 1062 2559 18

64 2592 138 2658 καῖ’
124 2596 337 2686 ενενήκοντα,
356 2596 475 2667 τούτου
495 2598 532 2666 δὲ
549 2600 610 2667 τοῦ
627 2594 748 2686 χρόνον
764 2594 823 2667 τόν
839 2598 908 2718 μὲν
918 2605 1008 2666 πλεῖ·

65 2709 129 2760 στου
155 2696 262 2767 ἐδόκει
289 2695 516 2787 εὐδαίμων
485 2726 570 2767 ειναι
597 2697 667 2786 (καὶ
655 2695 747 2787 ιγάρ
771 2694 869 2766 οὐσία
886 2687 928 2782 66
945 2691 1008 2764 οὐκ

21 2821 23 2838 1
64 2781 204 2881 όλίγη’
162 2825 252 2868 αυτω
241 2801 328 2868 καὶ
345 2804 460 2878 παῖδες
478 2800 532 2866 καὶ
549 2797 653 2886 γυνή,
672 2799 727 2866 καὶ
744 2788 837 2866 πάλλ’
858 2798 1007 2876 ἐπιεικως

67 2884 213 2986 εὐτύχει),
243 2902 282 2967 ἐπ
283 2901 296 2967 λ
322 2897 431 2990 γήρως
460 2895 555 2968 δὲ’
512 2902 605 2990 αυτῷ
630 2894 785 2988 συμφορά
812 2899 941 2983 ἐγένετο
967 2892 1009 2966 06

65 2993 165 3083 6666,
193 2995 215 3085 6
243 3003 313 3068 ἐκεί
298 3007 372 3070 ίνου
399 3003 508 3068 πάσαν
533 2996 595 3085 τήν
621 3005 729 3068 οίκίαυ
754 2994 935 3085 ἐλυμήνατο
953 2999 1009 3066 καὶ

65 3089 196 3180 χρήματα
222 3097 326 3169 πολλά
352 3098 489 3169 διώλεσε
512 3094 628 3168 καὶ’
586 3095 688 3168 αυτόν
708 3113 777 3176 τοῖς
798 3095 1008 3178 οἰκειοτάτοις

66 3191 103 3310 69
128 3198 287 3290 διαφοράν
312 3203 519 3288 κατέστησεν.
564 3195 646 3268 ὅθεν
673 3197 710 3266 δὲ
735 3193 827 3266 καὶ”
808 3223 896 3278 οπως
912 3193 1007 3267 ταῦτ’
1026 3217 1059 3270 19

68 3287 196 3404 6660,
224 3296 267 3380 69
293 3295 335 3370 66
356 3299 513 3421 δύνωμαι
541 3296 595 3367 διά
621 3296 834 3420 βραχυτάτων
859 3296 1004 3386 δηλεόσω.

65 3351 290 3490 ἀπελευθέρα
267 3430 310 3488 ην
323 3396 437 3487 αὐτοῦ,
458 3427 483 3468 ω
473 3391 660 3488 ς’ἄνδρες
645 3427 666 3485 η
661 3395 878 3488 ἐναυκλήρει
895 3419 1005 3467 συνοι-

67 3495 131 3558 κίαν
154 3500 186 3566 ἐν
203 3511 355 3593 Πειραιεῖ
376 3497 480 3570 αὐτου
469 3502 558 3568 καὶ
576 3504 787 3579 παιδίσκας
769 3525 894 3589 ετρεφε.
929 3495 1005 3566 τού-
