2466 3914
242 189 281 252 50
451 228 454 236 ,
652 183 781 234 ΙΣΔΙΟΤ
1096 183 1143 236 03.
1160 187 1181 239 4.

240 351 370 440 άξιοάτε
389 351 622 427 πυνθάνεσθαι
639 348 717 444 παρ’
738 327 857 442 αάτοῦ,
881 354 936 422 καὶ
959 355 1034 444 κερλ
1052 356 1108 440 τής
1123 371 1181 438 τοῖς

241 453 399 546 φράτορσι
427 461 586 542 γαμηλίοις
613 450 657 543 μή
688 449 911 542 άμνημονεῑτε.
957 449 998 522 06
1029 451 1093 542 γάρ
1126 459 1181 526 τοῖν

242 559 418 645 ἐλαχίστων
435 551 516 646 πρὸς
532 550 593 642 τήν
608 550 728 624 τούτου
739 560 923 644 μαρτυρίαν
937 550 1114 644 τεκμήριόν
1126 557 1181 624 ἐστι

239 658 345 725 τοῦτο.
374 657 475 742 δῆλον
491 650 553 745 γάρ
570 649 633 742 ὅτι,
653 660 685 724 εί
701 657 839 741 ἐπείσθη
852 649 1090 742 ἐγγυήσασθαι,
1109 657 1181 723 εἰιεί-

240 767 307 842 σθη
330 748 372 824 ἂν
400 755 455 823 καὶ
482 761 646 843 γαμηλίαν
674 749 760 845 ὑπὲρ
788 749 890 841 αὐτῆς
918 768 988 834 τοῖς
1010 752 1182 845 φράτορσιν

241 861 439 942 εἰσενεγκεῖν
461 856 570 924 καλί
540 861 726 942 εἰσαγαγεῖν
755 851 817 941 τήν
841 856 887 923 ἐκ
900 850 1022 941 ταύτης
1046 848 1181 942 άτιοφαν-

188 975 222 1028 80
239 967 359 1025 θεῖσαν
380 956 548 1045 θυγατέρα
572 949 616 1035 ὥς
638 961 778 1042 γνησίαν
800 943 905 1024 οὖσαν
933 947 1034 1046 αὑτῷ.
1079 955 1181 1023 καὶέν

240 1057 286 1147 τῷ
310 1051 401 1146 θήμφ
424 1052 677 1144 κεκτημένος
644 1082 702 1124 τον
724 1051 936 1175 τριτάλαντον
958 1023 1089 1142 οίάου,
1100 1045 1182 1141 είήυ

238 1151 446 1244 γεγαμηκάς,
471 1149 666 1242 ἠναγκάζετο
683 1147 725 1224 άυ
741 1148 885 1245 ὑπὲρ
844 1182 901 1241 της
918 1156 1063 1242 γαμετῆς
1080 1183 1180 1241 γυναι-

239 1251 295 1334 κὸς
312 1253 367 1350 καὶ
385 1253 590 1345 θεσμοφόρια
614 1256 725 1344 ἕστιρὶν
741 1250 799 1334 τάς
815 1269 991 1342 γυναῖκας,
1018 1255 1075 1322 καλ
1092 1243 1180 1322 τάλλα

238 1349 300 1422 ὅσα
322 1357 465 1444 τροσήκε
488 1362 689 1444 λειτουργεῖν
714 1357 749 1422 ἐν
771 1355 819 1446 τῷ
841 1352 933 1446 δήμῳ
956 1348 1102 1446 ὑπὲρ
1061 1380 1116 1441 της
1132 1382 1179 1440 γν-

238 1448 350 1532 ναικὸς
367 1449 432 1521 άιτό
448 1481 485 1540 γε
502 1449 615 1534 οὐσίας
637 1451 840 1541 τηλικαύτης.
873 1447 913 1523 06
936 1459 1056 1523 τοίνυν
1079 1469 1179 1542 φανεῖ-

238 1579 291 1621 ται
307 1548 408 1621 οὐδὲν
428 1552 555 1622 τούτων
576 1556 793 1674 γεγενημένον
815 1548 1038 1623 οὐδεπώποτε.
1084 1557 1116 1623 οί
1129 1581 1179 1642 μεν

238 1679 300 1721 ουν
322 1649 482 1768 φράτορες
497 1651 789 1743 μεμαρτυρήκασιν
816 1649 912 1741 ὑμῖν
956 1653 1040 1740 λαβε
1072 1654 1108 1722 δὲ
1134 1655 1178 1720 καλ

238 1748 299 1838 τήν
315 1753 383 1821 τεάν
401 1757 551 1852 δημοτῶν
567 1756 633 1823 τάν
652 1756 720 1821 ἐκεί
705 1759 779 1846 ίγου
795 1761 987 1844 μαρτυρίαν.

613 1898 809 1970 Μεεννευ..
865 1879 868 1886 ’

699 2239 727 2298 4.

261 2367 386 2442 ΠΕΡΙ
409 2366 512 2442 ΤΟΥ
537 2364 905 2442 ΝΙΚΟΣΤΡΑΤΟΤ
935 2367 1160 2449 ΚΛΗΡΟΎ.

255 2525 256 2530 ’
554 2517 869 2569 εΠιΛουομ

592 2663 827 2740 ΤΠΟΘΕΣΙΣ.

319 2799 531 2904 Νικοστράτου
543 2792 611 2862 &v‘
594 2801 737 2903 υτιερορίρι
753 2797 990 2882 τελευτήσαντος,
1000 2801 1119 2910 ’Ἅγνων
1132 2803 1176 2864 καὶ

274 2877 474 2967 Ἀγνάθεος
455 2910 493 2960 ως
513 2879 593 2960 ὅντες
614 2863 733 2988 άνεψιολ
756 2884 789 2946 ἐκ
810 2886 1014 2986 τατραάέλφον
1034 2885 1174 2988 ἀμφισβη-

279 2973 360 3032 τοῦσι
380 2973 432 3032 τοῦ
451 2965 560 3051 κλήρου
580 2962 653 3051 πρὸς
673 2963 843 3075 Χαριάάηυ,
872 2965 1024 3074 φάσκοντα
1042 2969 1175 3077 κληρονό-

274 3076 335 3160 μον
361 3049 451 3117 αιίτοῦ
476 3051 552 3116 εἶναι
579 3078 653 3116 κατα
673 3047 823 3157 δόσιν,
809 3055 906 3117 οεστι
929 3049 1004 3118 κατά
1026 3055 1174 3156 διαθήκας

274 3132 378 3211 Ἰσαῖος
404 3162 459 3202 ουν
482 3162 497 3199 ο
488 3131 681 3220 “66669,
661 3164 700 3213 ως
724 3132 869 3244 συγγενής
894 3131 935 3200 6v
959 3143 1017 3202 τάν
1043 3132 1157 3224 περὶ
1131 3161 1174 3201 τον

269 3215 420 3302 Ἅγνωνα,
434 3222 691 3304 λίγεισννηγοράν
704 3216 813 3296 αὐτοῖς
838 3217 878 3284 ‘H
892 3221 992 3298 στάσις
1013 3219 1172 3306 στοχασμίς

307 3340 502 3433 Ἐσιτήὸειοί
527 3375 580 3434 μοι
602 3343 837 3434 τυγχάνουσιν,
868 3336 895 3414 6
915 3341 1107 3438 άνδρες,ίι’
1087 3373 1173 3425 οντες

228 3440 358 3534 ’Ἅγνων
374 3473 410 3515 τε
426 3440 537 3515 οὑτοσὶ
554 3449 608 3516 καλ
621 3441 811 3534 Ἅγνόθεος,
834 3448 889 3516 καὶ
912 3441 929 3517 6
947 3446 1053 3540 πατήρ
1070 3443 1174 3518 αάτάν
