2466 3914
77 259 101 309 P·
116 239 152 292 49,
234 242 326 293 ΙῙΕΡῘ
340 242 416 294 ΤΟΥ
433 242 695 295 ΝΙΚΟΣΤΡΑΤΟΤ
712 245 874 302 ΚΛΗΡΟΤ,
982 255 1022 314 57
1135 249 1137 266 ε

76 439 144 483 ποτε
166 415 280 506 ἐκείνῳ
304 411 458 536 διάφρροι
483 403 585 534 ήσαμ,
616 421 663 483 ἔτι
688 415 724 484 δὲ
746 417 800 484 καί
825 410 868 496 ὥς
891 424 1023 500 ἔθαψαν

75 482 305 603 Νικόστρατύν,
335 510 417 603 πρὸς
441 514 478 582 δὲ
500 511 626 636 τούτοις
649 509 693 595 ιδς
716 513 884 605 Χαριάδης
909 512 1022 587 οὐτοσί

74 607 213 701 οὐδαμοῖς
241 609 314 682 οὐτ’
341 611 527 684 ἕνθάδε”
482 609 558 682 οὐτ’
590 615 642 684 ίπί
665 613 881 736 στρατεύματι
909 620 1022 738 ἐχρῆτο

70 711 285 806 Νικοστράτῳ,
305 720 351 782 ἔτι
370 715 408 783 δὲ
424 711 526 783 καὶ
490 743 551 801 τήν
568 721 756 806 κοινωνίαν,
773 743 795 804 χ
784 704 948 804 μάλισθ’
967 705 1021 785 06-

74 841 116 894 τος
134 820 345 904 ἰσχυρίζεται,
364 818 474 935 φευδή
490 804 604 885 οὖσαν.

135 911 239 982 Καί”
217 941 301 984 ανευ
318 913 462 1004 τούτων,
482 943 507 984 6
496 905 700 1006 άνδρες,α
679 911 801 998 6606‘
781 933 863 1005 υμῖν
877 913 1021 998 ἐξετάσαι
1038 937 1072 985 2⁷

87 1016 233 1105 κατέρους
263 1010 376 1085 αὐτοῖν
398 1010 467 1085 οἷοί
493 1021 564 1084 εἰσι.
613 1013 803 1106 Θράσιππος
830 1016 891 1105 μὲν
918 1011 1019 1106 γάρὸ

98 1143 216 1202 χνανος
239 1118 297 1185 καί
315 1110 496 1204 Ἅννοθέου
519 1111 624 1205 πατὴρ
647 1113 712 1203 ήδη
735 1145 766 1184 τι
788 1118 843 1186 καί
862 1113 1020 1238 ἐλειτούρ-

126 1243 159 1286 εν
180 1210 264 1305 ὐμϊν
286 1219 343 1285 καί
368 1213 552 1304 εἰσήνεγκε,
577 1217 631 1284 καὶ
653 1212 760 1296 ἄλλως
782 1206 1000 1296 σπουδαῖος
978 1244 1020 1303 ην

108 1323 204 1439 λίτιχς
229 1313 326 1386 αὐτοὶ
351 1306 447 1386 δὲ
405 1344 495 1386 ουτοι
518 1313 595 1385 οὐτε
611 1311 899 1409 άποδεδιχμήκασιν
920 1311 1021 1384 οὐδα·

126 1414 270 1506 πώποτε,
294 1413 369 1486 ὅποι
392 1409 434 1486 66
455 1412 500 1504 66
521 1411 615 1507 ὑμεῖς
637 1413 918 1538 προστάξητε,”
877 1444 937 1485 ουτ
941 1411 1021 1486 ’ἐν-

130 1543 144 1585 ε
159 1521 314 1606 μένοντες
326 1513 483 1608 άχρηστοί
498 1523 561 1586 εἰσι
571 1545 631 1638 τή
600 1515 734 1604 πόλει,
753 1512 835 1585 άλλά
852 1518 906 1584 καί
923 1537 1018 1606 στρα-

72 1643 87 1683 ι
156 1645 208 1687 ται
225 1620 283 1687 καί
302 1620 492 1708 εἰσφέρουσι
514 1619 568 1738 κμί
591 1606 692 1686 τάλλα
709 1613 816 1686 πάντα
833 1617 962 1686 ποιούσι
978 1613 1019 1685 τά

73 1741 91 1783 π
143 1717 325 1808 ταττόμενα
353 1720 408 1788 καί
436 1713 557 1797 αὐτούς
586 1712 646 1838 (μς
674 1715 794 1796 πάντες
817 1717 920 1806 ἰσασι)
945 1736 1018 1786 κοσ·

73 1845 90 1903 6
139 1821 393 1942 ςπαρίχομσιν,
424 1814 507 1887 ὥστε
524 1813 608 1886 πολύ
625 1819 750 1905 μάλλον
766 1814 902 1896 τούτους
921 1837 1018 1906 πρ-οσ
1036 1837 1069 1888 28

73 1914 88 2002 6
122 1916 235 1989 ικατά
265 1916 359 1988 δόσιν
386 1921 454 1988 τοῖν
476 1915 666 2038 χρημάτων
670 1919 738 1986 τάν
755 1909 1018 2006 Νικοστράτουή

134 2017 229 2124 ιάδήν
245 2015 476 2137 άμφισβητειν.
511 2007 607 2097 οὗτος
624 2015 703 2107 γάρ,
727 2013 764 2085 6'6
769 2013 1019 2102 ’ἐπεδήμειέν

74 2128 93 2186 θ
132 2147 160 2208 ε,
184 2122 317 2213 πρῶτον
343 2119 405 2240 μὲν
435 2123 483 2198 εἰς
503 2113 540 2186 τὸ
565 2109 838 2238 δεσμωτήριον
815 2143 859 2194 ως
881 2115 1019 2199 κλέπτης

83 2213 94 2238 ”
137 2217 185 2290 ἐπ’
215 2217 400 2311 αὐτοφώρῳ
428 2213 578 2337 άπήχδή,
608 2213 680 2285 τότε
710 2216 747 2284 δὲ
775 2211 913 2303 άφεδείς
940 2208 1017 2302 μεθ’

80 2319 88 2344 ‘
118 2349 179 2410 ρων
195 2323 299 2392 τινοῖν
315 2315 381 2389 666
397 2321 465 2388 τῶν
482 2321 617 2405 ἕνδεκα,
641 2311 700 2396 οὐς
719 2310 897 2436 δήμοσιχ”
874 2339 1021 2393 απαντας
1105 2307 1108 2316 ’

95 2437 155 2506 μεις
166 2419 397 2510 ἀπεκτείνατε,
416 2418 515 2489 πάλιν
532 2413 736 2508 άποχραφείς
755 2422 800 2496 εἰς
817 2412 878 2502 τήν
895 2408 1019 2500 βουλήν

83 2525 265 2637 ακονρχεὸν,
278 2517 461 2613 ὐποχεορεὸν
478 2546 577 2612 ῳχετο
589 2512 695 2587 καί’
656 2545 716 2639 ουχ
726 2511 927 2604 ὑπήκουσεν,
946 2509 1018 2581 ἀλλ’
1036 2521 1069 2574 29

75 2614 111 2688 άπ
114 2617 269 2694 ’ἐκείνου
288 2623 540 2692 ἑπτακαίδεκαέ
539 2621 606 2688 τοῖν
620 2613 778 2704 Ἀδήναζε
794 2612 856 2685 οὐκ
872 2611 1018 2703 άφίκετο,

75 2718 290 2811 πίὴνίπειδή
318 2720 541 2842 Νικόστρατος
568 2715 725 2788 άπίθανε
773 2717 827 2784 καί
850 2709 936 2802 ὑπὲρ
959 2712 1021 2799 μὲν

76 2813 157 2945 ὗμάμ
172 2821 250 2895 οὐτε
266 2829 442 2914 στρατείαν
459 2816 620 2908 οὐδεμίαν
638 2815 845 2908 ἐστράτευται
861 2809 938 2880 οὐτε
956 2817 1021 2879 εἰσ-

77 2919 169 3011 φοράν
191 2920 353 3014 οὐδεμίαν
377 2917 579 3010 εἰσενήνοχε,
606 2915 693 3006 πλήν
716 2926 748 2986 εἰ
766 2943 796 2984 τι
813 2911 876 3003 ἄρα
895 2906 962 2994 ἐξ”
943 2938 1020 2980 οτον

23 3089 25 3096 ,
76 3023 131 3090 τάν
157 3021 385 3115 Νικοστράτου
416 3017 682 3109 ήμφισβήτήσεν,
716 3011 786 3086 οὐτ’
816 3009 889 3082 ἄλλ’
920 3007 1020 3134 ρύδδν

76 3113 147 3208 ὗμιν
163 3123 440 3215 λελειτούργηκεν.
476 3126 586 3190 ἔπειτα
601 3120 746 3196 τοιούτος
763 3109 811 3184 66
833 3109 894 3183 οὐκ
911 3108 1021 3202 ἀγαπᾷ

78 3221 153 3288 εἰ
115 3252 155 3312 μη
171 3231 237 3296 τῶν
258 3221 496 3348 ήμαρτήμίνων
522 3226 619 3307 δίκην
642 3215 755 3304 δώσει,
779 3209 861 3283 άλλδ
883 3213 1000 3283 καί
953 3239 1022 3280 των

23 3387 24 3394 ,
78 3315 198 3439 ἆλλοτρί
197 3355 243 3398 ων
254 3322 462 3420 ἀμφισβητεῖ.
482 3349 497 3390 ε
499 3309 639 3408 ἰμὲν
598 3347 661 3389 ουν
676 3321 748 3386 οιδε
759 3311 1020 3404 φιλοπράγμονες
1037 3327 1072 3378 30

78 3411 247 3508 6666'
228 3453 333 3517 ομοιοι
356 3429 503 3502 πολίταις
519 3409 619 3541 ήσαν,
643 3429 720 3498 ἰσως
743 3409 785 3486 άν
802 3444 842 3484 ου
833 3410 935 3502 ’περὶ
952 3412 1019 3480 666

80 3526 290 3620 Νικοστράτου
318 3519 493 3614 χρημάτων
520 3516 732 3608 ἠμφισβήτει,
756 3511 829 3584 ἀλλ’
853 3510 937 3602 ὑπὲρ
960 3512 1021 3578 606
