2466 3914
232 259 271 320 52
642 247 769 299 ιεειον
1099 247 1151 298 οι.
1168 251 1190 299 ι.

233 424 345 512 δεμιάς
370 417 482 501 αάτοίς
505 420 509 508 Ι
532 421 674 510 ταραχῆς
699 422 950 510 ἐγγιγνομένης,
981 415 1022 488 οά
1044 423 1192 508 χαλεπῶς

233 525 408 604 ἐπιδείξειν
424 518 474 592 ὅτι
491 515 592 589 οὐδέν
609 517 832 610 Νικόστρατος
851 521 998 590 διέθετο·
1019 516 1080 589 ἐάν
1100 520 1137 588 δὲ
1153 518 1191 608 μή

231 621 289 693 τὸν
306 625 429 712 πατέρα
444 618 503 690 τὸν
520 616 621 690 αάτὸν
639 618 724 689 εἶναι
740 623 844 710 φῶσι,
862 623 924 689 τοῶ
942 621 981 690 δέ
994 617 1123 710 κλήρου
1141 647 1192 708 μη

233 725 291 793 δέν
307 713 406 810 ήττον
423 718 688 810 ἀμφισβητῶσιν,
707 716 850 812 ἀκριβῶς
869 730 981 790 ἴσασιν
998 715 1051 789 ὅτι
1071 727 1194 790 πλείονι

231 822 319 916 λόγῳ
337 830 443 893 εἰπεῖν
459 823 613 890 τουτουσὶ
631 818 741 908 δεήσει
759 816 803 902 ῶς
820 818 1050 911 Νικόστρατος
1070 830 1193 911 Θρασυ-

198 922 336 1014 θμάχου
354 913 396 1010 ήν
413 919 433 1010 ή
451 917 495 1003 ῶς
512 917 613 990 οὐδέν
632 923 772 991 διέθετο.
808 928 855 990 ἔτι
875 921 912 990 δέ
929 923 986 990 καὶ
998 915 1193 1010 ὁμολογοῦν·

232 1052 285 1104 τες
303 1021 523 1113 Θρασυμάχου
544 1021 605 1111 μέν
630 1020 714 1091 εἶναι
736 1018 795 1092 τόν
817 1019 1049 1112 Νικόστρατον
1074 1017 1138 1091 οὐκ
1158 1017 1193 1090 ἀν

234 1124 322 1214 εἶχον
345 1126 503 1211 ἐξελέγξαι
525 1119 646 1191 τούσδε
667 1116 711 1203 ῶς
733 1118 796 1192 οάκ
814 1124 899 1192 είσλν
917 1124 1035 1215 ἐκείνῳ
1053 1117 1192 1204 ἀνεψιοί·

233 1222 333 1294 ἄλλον
363 1224 400 1293 δέ
428 1225 552 1313 πατέρα
580 1225 629 1315 τςό
650 1226 809 1292 τεθνεῶτι
837 1220 1138 1306 κατασκευάζοντες
1159 1219 1193 1290 οά

233 1322 336 1414 μόνον
353 1326 427 1416 περὶ
451 1327 518 1394 τῶν
542 1324 714 1410 διαθηκῶν
736 1320 818 1392 ἀλλά
836 1325 985 1414 καὶπερὶ
1003 1325 1068 1393 τοῶ
1085 1325 1193 1412 γένους

233 1423 332 1512 λόγον
351 1422 597 1513 ἐμβεβλήκασιν.

201 1543 216 1593 7
311 1521 382 1595 Οάκ
406 1529 441 1594 ἐκ
462 1522 589 1594 τούτων
617 1525 656 1594 δέ
677 1520 779 1613 μόνον
801 1519 929 1610 γνοίητ’
960 1517 1003 1592 ἀν
1026 1519 1079 1593 ὅτι
1108 1519 1191 1592 ἀλλα

234 1627 321 1706 τινές
346 1631 430 1695 είσιν
452 1629 487 1694 οί
505 1627 610 1694 ταῦτα
633 1626 686 1693 ἐπὶ
709 1626 864 1693 τουτουσὶ
894 1620 1092 1714 ἐπάγοντες,
1122 1620 1193 1692 ἀλλά

235 1728 291 1795 καὶ
321 1729 356 1795 έκ
378 1725 446 1794 τῶν
473 1720 545 1794 κατ’
577 1720 678 1814 ἀρχάς
699 1727 937 1814 γεγενημένων.
982 1731 1034 1804 τίς
1057 1721 1122 1814 γάρ
1143 1719 1194 1794 οὐκ

235 1821 443 1917 ἀπεκείρατο,
463 1821 576 1912 ἐπειδή
586 1822 632 1893 τῶ
647 1822 708 1893 δύο
719 1822 868 1894 ταλάντο
883 1827 914 1907 ἐξ
930 1821 1025 1912 Ἀκής
1042 1821 1191 1912 ήλθετονς
1216 1867 1217 1939 ρ

235 1921 257 2014 ἢ
278 1934 328 2007 τίς
351 1923 392 1995 οά
410 1922 659 2015 μέλαν·ίμάτιον
678 1922 857 2016 έφόρησεν,
882 1920 926 2005 ῶς
951 1922 1006 1993 διά
1023 1921 1063 1995 τὸ
1082 1927 1192 2003 πένθος

136 2065 139 2074 ·
236 2025 490 2117 κληρονομήσειν
517 2029 575 2113 τής
602 2021 734 2117 οάσίας;
764 2019 785 2112 ή
814 2024 910 2094 πόσοι
945 2042 1122 2113 συγγενεῖς
1149 2027 1192 2093 καὶ

236 2132 321 2208 υἱεῖς
344 2124 426 2196 κατά
449 2125 542 2197 δόσιν
568 2123 848 2216 προσεποιήσαντο
870 2127 938 2196 τῶν
956 2124 1191 2216 Νικοστράτου

203 2249 220 2300 8
236 2230 455 2316 Λημοσθένης
466 2229 526 2317 μέν
537 2255 576 2315 γε
587 2223 788 2316 ἀδελφιδοῦς
800 2233 863 2315 ἔφη
876 2222 967 2320 αὐτῷ
978 2222 1191 2318 εἷναι,,έπειδη“
1214 2253 1215 2325 ρ

239 2324 272 2395 δ’
296 2328 472 2416 ἐξηλέγχθη
489 2323 554 2396 ὑπὸ
570 2325 712 2416 τούτων,
736 2323 873 2414 ἀπέστη·
897 2325 1045 2415 Τήλεφος
1067 2327 1105 2396 δὲ
1130 2328 1191 2395 δον

237 2455 293 2495 ναι
312 2421 403 2518 αὐτῷ
419 2426 647 2518 Νικόστρατον
665 2425 794 2498 ἅπαντα
809 2424 849 2496 τά
868 2429 998 2497 ἑαυτοῦ.
1035 2431 1093 2497 καὶ
1110 2417 1192 2503 οὗτος

238 2522 279 2595 οά
296 2530 407 2619 πολλῶ
422 2522 562 2617 ὕστερον
580 2526 751 2597 ἐπαύσατο.
776 2525 982 2617 Ἀμεινιάδης
1000 2528 1038 2597 δὲ
1053 2525 1130 2599 υίόν
1145 2522 1192 2595 αὖ·
1212 2565 1213 2594 3

238 2630 287 2720 τῶ
307 2623 388 2717 πρὸς
408 2624 466 2697 τὸν
492 2625 633 2718 ἀρχοντα
654 2617 733 2716 ήκεν
756 2624 846 2716 ἀγων
875 2625 957 2699 οὐδὲ
979 2632 1094 2720 τριετῆ
1112 2654 1191 2716 γεγο-

238 2727 329 2817 νότα,
348 2730 403 2797 καλ
420 2724 513 2798 ταῦτ’
532 2724 594 2798 οάκ
612 2727 884 2818 έπιδεδημηκότος
901 2731 963 2799 τοῶ
975 2727 1191 2820 Νικοστράτου
1211 2747 1212 2752 ’

205 2832 359 2903 υὲνδεκα
383 2832 465 2899 έτῶν
484 2826 651 2918 Ἀθήνησι.
692 2825 827 2920 Πύρρος
858 2831 895 2899 δὲ
912 2825 930 2900 ὁ
948 2825 1145 2921 Λαμπτρεάς
1160 2828 1192 2913 τη

240 2929 301 3018 μὲν
315 2925 441 3022 Ἀθηνᾷ
458 2938 521 3019 ἔφη
538 2927 579 3000 τά
595 2928 743 3022 χρήματα
759 2925 826 2999 ἀπὸ
845 2930 1076 3022 Νικοστράτου
1093 2941 1190 3000 καθιε-

241 3032 386 3118 ρῶσθαι,
406 3027 498 3124 αὐτῷ
516 3027 547 3100 δ’
572 3026 633 3100 ἀπ’
653 3027 759 3100 αάτοῶ
783 3035 912 3101 ἐκείνου
931 3030 1100 3102 δεδόσθαι.
1118 3038 1190 3112 Κτη-

240 3135 314 3209 σίας
351 3126 383 3198 δ’
412 3126 430 3200 ὁ
459 3129 620 3220 Βησαιεάς
654 3133 709 3202 καί
737 3127 889 3222 Κραναὸς
918 3129 969 3201 τδ
984 3133 1046 3222 μέν
1074 3133 1190 3222 πρῶτον

243 3233 339 3317 δίκην
357 3235 484 3318 ἔφασαν
495 3235 556 3302 τοῶ
567 3229 795 3322 Νικοστράτου
808 3231 969 3303 ταλάντου
991 3225 1190 3303 καταδεδικά-

241 3341 338 3417 σθαι,
363 3330 476 3419 έπειδή
500 3329 532 3402 δ’
555 3330 617 3403 οὐκ
636 3331 724 3421 εἶχον
740 3336 837 3403 τοῦτο
855 3330 1043 3424 ἀποδείξαι,
1068 3325 1189 3402 ἀπελεύ-

239 3440 344 3521 θερον
368 3427 470 3501 αάτὸν
495 3435 622 3503 ἑαυτῶν
639 3430 920 3522 προσεποιήσαντο
939 3433 1037 3506 εἶναι·
1056 3436 1109 3503 καὶ
1125 3419 1188 3500 οὐδ’

191 3543 224 3596 10
240 3520 330 3600 οὗτοι
355 3527 376 3600 ἀ
393 3539 506 3620 ἔλεγον
523 3529 705 3616 ἀπέδειξαν.
747 3537 802 3603 καὶ
819 3539 853 3603 οί
862 3535 929 3631 μὲν
947 3530 1052 3615 εάθῶς
1069 3528 1146 3604 κατά
1160 3523 1192 3596 τί
