2460 3918
179 374 182 380 ¹
227 301 267 364 82
520 285 525 298 ·
635 295 763 346 ιεειου
1074 295 1158 347 οπο

225 464 396 555 γενόμενοι
431 469 470 537 δέ
500 494 586 547 τινες
614 468 840 556 ἐξαγγέλλουσι
866 482 932 546 τοῖς
958 472 1088 546 οἰκείοις
1111 465 1165 555 τήν

229 565 423 655 ἐπιβουλήν,
450 571 506 637 καὶ
533 565 684 648 ἐλθόντες
712 566 881 655 ἐδήλωσαν
906 564 943 650 τὸ
960 569 1092 657 πράγμα
1106 584 1165 646 τοῖς

229 672 412 755 δικασταῖς,
439 671 493 738 καί
518 664 623 748 οὕτως
649 665 945 759 ἄπεχειροτόνησαν
970 670 1005 736 bc
1029 671 1165 764 δικασταὶ

227 765 272 856 μή
289 770 434 858 μισθοῦν
450 767 526 850 τούς
539 779 664 849 οἴκους·
692 775 723 837 εί
740 765 772 837 δ’
792 775 930 858 ἐλαθεν,
948 763 1117 837 άπωλάλει
1131 763 1167 838 άν

228 864 338 937 ἅπασα
354 863 375 956 ή
392 865 498 939 οὐσία.
533 876 604 940 Καί
625 897 680 958 μοι
697 867 789 938 κάλει
806 867 882 950 τούς
895 869 1167 960 παραγενομένους

229 967 405 1059 μάρτυρας.

604 1115 809 1167 ΜΑΡΤΤΡΕΣ.

177 1277 211 1334 ³8
301 1271 391 1359 Πρὶν
416 1270 477 1358 μὲν
501 1275 617 1340 τοίνυν
634 1268 770 1350 τούτους
789 1277 950 1360 γνωρίσαι
972 1267 1035 1357 τήν
1051 1266 1167 1354 ἅνθρω-

229 1395 292 1439 πον
309 1371 364 1437 καὶ
382 1366 453 1458 μετ’
474 1372 600 1458 ἐκείνης
625 1372 858 1457 ἐπιβουλεῦσαι
875 1365 1077 1458 Εὐκτήμονι,
1094 1364 1167 1438 ούτυ

231 1466 355 1554 πολλήν
381 1465 499 1539 οὐσίαν
527 1472 676 1558 ἐκέκτητο
701 1466 888 1559 Εὐκτήμων
912 1467 993 1558 μετὰ
1018 1471 1079 1539 τού
1093 1471 1167 1546 υίέος

230 1564 487 1658 Φιλοκτήμονος,
506 1566 589 1639 ὥστε
601 1567 667 1658 ἅμα
683 1597 720 1639 τε
736 1566 776 1639 τὰ
792 1572 927 1659 μέγιστα
943 1565 1026 1659 ύμῖν
1039 1579 1166 1656 λειτουρ·

228 1684 302 1757 γεῖν
327 1663 531 1759 ἀμφοτέρους
555 1673 623 1739 τόν
648 1697 684 1739 τε
709 1665 856 1760 ἀρχαίων
880 1671 986 1759 μηδὲν
1012 1671 1167 1761 πραθήνοι

228 1772 296 1838 τοῖν
317 1795 353 1838 τε
374 1768 548 1859 προσόδων
572 1785 773 1860 περιποιεῖν,
799 1767 882 1839 ὥστε
906 1767 962 1839 άεί
974 1798 1007 1839 τι
1024 1771 1166 1858 προσκτᾶ-

229 1880 323 1938 σθαι·
350 1867 464 1956 ἐπειδὴ
486 1865 518 1938 δ’
544 1867 733 1958 ἐτελεύτησε
757 1868 987 1960 Φιλοκτήμων,
1014 1866 1098 1939 οὕτω
1116 1874 1166 1936 διε-

217 1963 357 2056 ,τέθηή
383 1966 497 2058 οὐσία,
531 1966 614 2040 ὥστε
638 1973 705 2040 τάν
727 1966 874 2062 ἀρχαίων
896 1971 980 2058 μηδέ
1002 1968 1043 2039 τά
1065 1965 1166 2058 ήμίσεν

231 2068 315 2138 είναι
341 2067 438 2138 λοιπά
464 2072 519 2138 καί
544 2067 600 2150 τάς
626 2068 809 2160 προσόδους
836 2067 963 2150 ἁπάσας
986 2067 1164 2159 ήφανίσθαι.

178 2191 213 2246 39
229 2171 284 2237 καὶ
302 2165 382 2238 οὐδὲ
399 2172 503 2238 ταύτα
522 2168 695 2260 ἐξήρκεσεν
712 2167 824 2251 αὐτοῖς
843 2173 1060 2261 διαφορήσαι,
1083 2159 1165 2238 ω’άν

120 2319 123 2326 .
233 2274 326 2357 δρες,
344 2265 417 2336 ἀλλ’
446 2267 560 2357 ἐπειδή
578 2273 633 2339 καὶ
652 2268 862 2359 ἐτελεύτησεν
879 2265 897 2339 ό
914 2266 1113 2360 Εὐκτήμων,
1128 2273 1165 2344 είς

229 2371 328 2437 τούτο
362 2359 469 2454 ήλθου
499 2368 618 2458 τόλμης
645 2367 729 2442 ὥστ’Δ
753 2374 880 2441 ἐκείνου
906 2373 1060 2460 κειμένου
1085 2373 1165 2438 ἔνδον

230 2463 307 2546 τούς
324 2467 386 2555 μὲν
403 2471 528 2549 οίκέτας
543 2468 735 2559 ἐφύλαττον,
753 2467 842 2550 ὅπως
858 2473 974 2560 μηδείς
987 2473 1166 2558 ἐξαγγείλειε

231 2563 312 2654 μήτε
336 2581 412 2637 ταῖν
437 2572 637 2660 θυγατέροιν
661 2568 742 2658 μήτε
766 2573 810 2660 τή
824 2573 957 2659 γυναικί
983 2568 1087 2640 αὐτού
1101 2565 1166 2658 μήτε

230 2668 298 2736 τεόν
315 2673 446 2738 οίκείων
463 2675 597 2758 μηδενί,
623 2666 663 2738 τά
691 2671 728 2739 δέ
749 2670 898 2762 χρήματα
915 2677 1058 2742 ἔνδοθεν
1075 2672 1166 2754 ἐξεφο-

231 2764 373 2854 ρήσαντο
383 2766 463 2857 μετά
479 2771 535 2856 τής
552 2765 734 2859 ἀνθρώπου
753 2777 798 2851 είς
810 2769 871 2859 τήν
882 2767 1052 2860 ὁμότοιχον
1062 2775 1164 2850 οίκίαν,

230 2861 275 2952 ήν
293 2865 370 2958 η’ίκει
387 2871 634 2958 μεμισθωμένος
660 2865 707 2950 εἷς
730 2869 873 2959 τούτων,
889 2869 1083 2960 Ἀντίδωρος
1099 2872 1165 2936 ἐκεῖ·

177 2978 214 3031 40
230 2993 295 3045 νος.
342 2971 397 3043 καὶ
423 2965 498 3038 οὐδ’
527 2967 641 3056 ἐπειδή
668 2972 789 3062 ἑτέρων
814 2961 1126 3069 πυθόμεναιήλθον
1140 2968 1167 3034 αἱ

230 3069 412 3157 θυγατέρες
438 3065 543 3160 αὐτού
567 3071 623 3139 καὶ
648 3065 669 3156 ή
695 3069 798 3159 γυνή,
831 3067 911 3140 οὐδὲ
936 3070 1009 3142 τότε
1035 3081 1110 3140 είων
1132 3072 1165 3134 εί·

230 3167 355 3254 σιέναι,
374 3164 441 3236 ἀλλ’
453 3165 650 3239 ἀπέκλεισαν
659 3173 703 3260 τή
713 3168 822 3262 θύρᾳ,
836 3170 1018 3261 φάσκοντες
1029 3166 1069 3240 οὐ
1082 3185 1165 3258 προσ·

230 3263 324 3352 ήκειν
349 3263 462 3346 αὐταῖς
486 3268 628 3339 θάπτειν
653 3267 866 3359 Εὐκτήμονα·
899 3275 954 3341 καὶ
977 3267 1053 3342 οὐδ’
1080 3273 1165 3338 είσελ-

230 3377 310 3436 θεῖν
338 3365 513 3455 ἐδύναντο,
540 3377 570 3438 εί
595 3366 639 3457 μή
657 3368 749 3458 μόλις
767 3374 821 3439 καὶ
839 3374 914 3462 περὶ
931 3368 1026 3460 ήλίου
1045 3363 1163 3457 δυσμάς·

179 3481 212 3532 41
232 3470 441 3536 εἰσελθοῦσαι
466 3468 502 3536 δὲ
524 3471 704 3556 κατέλαβον
728 3473 855 3542 ἐκεῖνον
878 3473 939 3560 μέν
962 3479 1059 3546 ἔνδον
1075 3473 1165 3554 κείμε-

229 3592 288 3634 νον
307 3572 514 3658 δευτεραῖον,
542 3564 585 3648 ὡς
604 3575 730 3658 ἔφασαν
747 3575 782 3640 ολ
796 3575 936 3660 οίκέται,
962 3571 1002 3643 τά
1020 3567 1052 3640 δ’
1071 3572 1103 3637 ἐκ
1118 3565 1164 3650 τῆς
