2466 3914
186 227 227 290 ης
595 220 724 276 ιαυου
1040 221 1092 273 οι.
1112 223 1139 274 2.

188 396 332 480 ἐκείνου,
361 397 417 462 ίνα
440 389 484 481 μῆ
506 385 680 480 όνεόυυμος
708 386 831 472 όολκος
866 387 967 461 οὐτοό
992 395 1140 482 γίνηται,

187 495 242 562 καί
264 490 503 580 τελευτήσαντα
526 498 637 576 ἔθαψα
654 487 752 574 ἀξίοις
771 495 898 562 ἐκείνου
915 519 950 560 τε
967 493 1022 561 καὶ
1041 496 1141 582 έμαυ-

186 596 262 680 τοῦ,
287 593 341 661 καὶ
361 595 505 681 ἐπίθημα
522 589 623 662 καλόν
643 595 804 681 έπέθηκα,
828 595 882 660 καὶ
900 588 940 661 τό
962 598 1061 662 ἔνατα
1085 596 1140 662 καί

185 683 286 762 τᾶλλα
308 689 415 764 πάντα
433 696 568 781 ἐποίησα
585 689 625 762 τὰ
642 695 717 782 περὶ
742 691 806 781 τῆν’
820 688 929 780 ταφῆν
947 687 990 772 ὦς
1013 687 1140 764 οἷόντε

135 803 168 854 37
186 791 357 880 κάλλιστα,
377 789 460 862 ὥστε
476 788 554 872 τούς
578 790 720 882 δημότας
739 796 887 864 ἐπαινεῖν
903 788 1063 889 ἅπαντας·
1082 783 1141 862 οὗ·

186 921 240 974 τος
258 893 295 962 δὲ
311 887 329 962 ό
346 890 526 980 σνγγενῆς,
548 887 566 961 ό
586 895 741 981 ἐπιτιμῶν
765 889 856 986 αὐτῷ
871 889 921 963 ότι
938 890 1015 964 υίόν
1032 892 1141 981 ἐποιή-

186 1015 281 1078 σατο,
311 995 429 1076 ζῶντος
457 993 518 1081 μὲν
546 988 582 1062 τό
610 1000 731 1083 χωρίον
752 989 788 1064 τό
812 993 1028 1081 περιλειφθὲν
1051 989 1143 1084 αὐτῷ
1222 1021 1223 1024 ’

186 1099 381 1183 περιείλετο,
403 1091 644 1182 τελευτῆσαντα
662 1089 695 1162 δ’
714 1089 816 1162 αὐτόν
832 1089 958 1161 ἄπαιδα
975 1094 1030 1162 καὶ
1056 1089 1142 1164 όνοό-

185 1221 293 1281 νυμον
309 1191 464 1280 βούλεται
486 1196 694 1281 καταστῆσαι.
741 1190 890 1272 τοιοῦτός
918 1195 1005 1262 ἐστιν
1035 1182 1141 1274 οὗτος.

185 1295 253 1362 Καὶ
282 1287 326 1373 οἱς
357 1291 467 1376 ἔθαψά
493 1289 525 1364 τ’
551 1290 613 1381 έγιό
636 1290 739 1363 αὐτόν
768 1295 823 1362 καλ
845 1289 886 1363 τό
907 1300 1001 1382 τρίτα
1025 1290 1144 1362 καὶτὰ

187 1398 285 1462 ἔνατα
304 1397 445 1481 ἐποίησα
462 1397 516 1464 καί
540 1383 642 1464 τᾶλλα
663 1391 703 1464 τό
725 1396 800 1483 περὶ
833 1390 894 1482 τῆν
924 1390 1052 1481 ταφήν,
1085 1390 1144 1473 τός

185 1502 366 1584 μαρτυρίας
383 1488 464 1584 ὑμῖν
482 1499 548 1565 τοῖν
568 1492 704 1564 εἰδότων
721 1491 957 1581 αναγυοόσεται.

558 1659 769 1709 ΜΑΡΤΤΡΙΔΙ.

132 1808 169 1860 -38
252 1792 322 1866 Ὅτι
339 1806 454 1867 τοίνυν
471 1792 488 1866 ό
507 1802 692 1886 Μενεκλῆς,
712 1787 890 1886 οόᾶνὸρες,
910 1795 1086 1886 έποιῆσατό
1104 1824 1145 1886 με

187 1891 227 1966 οό
256 1901 433 1986 παρανοῶν
459 1893 541 1986 ου’θέ
570 1900 704 1986 γυναικί
733 1897 946 1986 πειθόμενος,
982 1896 1145 1986 βούλομαι

186 1991 268 2086 ὑμῖν
285 1999 340 2067 καὶ
358 1993 478 2076 αότοός
494 1996 631 2079 τούτους
648 1997 814 2089 μάρτυρας
830 2001 1069 2088 παρασχέσθαι,
1089 1999 1144 2067 καὶ

188 2097 257 2185 ἐμοὶ
296 2097 544 2188 μαρτυροόντας
584 2105 668 2191 ἔργῳ
708 2101 764 2168 καὶ
798 2095 839 2168 οό
874 2096 977 2191 λόγῳ,
1019 2101 1050 2181 ἐξ
1096 2087 1144 2167 οἷν

187 2200 331 2287 ἔπραξαν
348 2193 446 2267 αὐτοί
450 2251 460 2286 ,
483 2193 534 2268 ότι
557 2196 619 2286 ἐμοὶ
637 2195 766 2287 τάληθῆ
787 2201 881 2286 λέγω.
916 2195 974 2279 τὰς
991 2195 1054 2288 γὰρ
1074 2204 1144 2268 θια-

185 2295 296 2376 λόσεις
324 2305 498 2385 φαίνονται
526 2297 606 2389 πρός
641 2299 696 2387 ἐμὲ
724 2297 936 2388 ποιησόμενοι
964 2295 1143 2388 ἀμφότεροι

186 2385 294 2483 οὗτοι,
312 2399 368 2465 καὶ
384 2393 425 2466 οό
443 2395 524 2487 πρός
535 2396 593 2468 τόν
609 2402 799 2488 Μενεκλέα,
819 2401 874 2468 καὶ
891 2395 1070 2488 ὀμόσαντες
1089 2396 1143 2482 ὅρ-

135 2513 169 2565 39
186 2523 264 2576 κους
278 2497 347 2584 ἐμοὶ
360 2499 416 2566 καὶ
435 2494 498 2584 έγό
509 2497 643 2578 τούτοις.
680 2507 784 2570 καίτοι
803 2510 836 2569 εί
849 2527 887 2587 γε
904 2496 948 2588 μῆ
966 2496 1047 2569 κατὰ
1063 2496 1142 2578 τοός

186 2593 308 2685 νόμους
336 2599 505 2690 έγενένητο
534 2593 555 2685 ῆ
582 2606 725 2688 ποίησις,
760 2601 845 2689 μηδὲ
871 2597 1072 2690 κληρονόμος
1101 2589 1143 2687 ῆν

188 2693 251 2784 ένιό
268 2699 335 2766 τοῖν
358 2700 568 2777 Μενεκλέους
590 2693 650 2768 ὑπ’
676 2695 787 2770 αὐτόν
803 2697 931 2771 τούτων
950 2703 1142 2790 δεδοκιμασ-

187 2799 300 2884 μένος,
318 2804 353 2866 τί
368 2802 435 2866 ἔδει
454 2793 575 2878 αὐτούς
586 2793 728 2887 ὀμνύναι
741 2802 811 2889 έμοὶ
828 2794 850 2888 ῆ
867 2795 946 2888 παρ’
966 2801 1047 2888 ἐμοῦ
1062 2808 1142 2888 λαμ-

188 2894 305 2983 βάνειν
321 2893 455 2988 όρκους;
473 2894 554 2968 οὐδὲ
571 2904 609 2968 ἓν
627 2898 743 2988 δήπου.
777 2896 902 2970 οὐκοῦν
918 2893 1017 2968 ὁπότε
1034 2902 1143 2988 έποίη

187 3016 251 3066 σαν
267 2999 387 3085 ταῦτα,
407 3006 582 3086 φαίνονται
594 2996 688 3070 αὐτοὶ
701 2990 792 3070 οὗτοι
811 3002 881 3089 ἐμοὶ
898 3002 1143 3089 μαρτυροῦντες

186 3092 236 3166 ότι
254 3094 335 3165 κατὰ
351 3095 428 3179 τούς
445 3097 576 3188 νόμους
591 3098 730 3188 ἐποιήθη
747 3094 768 3188 ῆ
786 3108 916 3189 ποίησις
933 3102 989 3170 καὶ
1007 3105 1143 3180 δικαίως

135 3221 170 3272 40
188 3197 254 3285 εἰμί
272 3197 472 3288 κληρονόμος
494 3201 562 3270 τοῖν
585 3203 803 3290 Μενεκλέους.
841 3197 904 3288 ἐμοὶ
924 3196 957 3268 δ’
977 3199 1069 3289 οἶμαι
1086 3229 1141 3269 κα-

186 3296 331 3386 ταφανὲς
353 3293 435 3387 ὑμῖν
457 3296 559 3369 ἅπασι
581 3295 671 3369 τοῦτ’
697 3299 798 3390 εἶναι,
823 3295 866 3381 σός
889 3302 945 3370 καί
963 3297 1052 3389 παρὰ
1067 3299 1142 3371 τοό·

186 3424 254 3467 των
282 3391 394 3468 αότιόυ
422 3395 685 3488 ὁμολογούμενόν
715 3403 804 3470 έστιν
830 3395 880 3470 ὅτι
903 3403 1078 3488 Μενεκλῆς
1102 3397 1142 3470 οό

9 3491 11 3540 ss
128 3592 133 3603 ἱ
186 3496 404 3588 παρεφρόνει,
435 3495 517 3568 όλλό
545 3498 629 3569 πολό
657 3503 781 3588 μᾶλλον
808 3490 904 3582 οὗτος
927 3510 1021 3589 νυνί,
1045 3498 1081 3581 ός
1104 3528 1143 3589 γε
