2460 3918
185 239 246 300 144
597 225 727 280 ΙΣΑΙΟΤ
1025 224 1080 276 On.
1102 223 1149 278 ll.

184 401 255 477 οὔτ’
275 393 319 474 αὖ
336 401 391 472 διά
407 405 511 472 ταυτα
528 402 666 480 ἐκείνοις
682 414 752 480 τοῖς
769 395 971 489 προσήκουσι
988 399 1050 464 τοῦ
1065 391 1151 483 αλή·

184 519 245 598 ρον
262 502 324 574 οάα
342 503 537 593 ἐλάγχανον,
557 496 601 581 ώς
614 503 695 588 ἐμοῦ
705 497 908 588 μεταδώσειν
919 493 1151 586 ὁμολογήσαν-

184 635 254 695 τος,
273 601 347 674 ἀλλ’
366 602 416 674 ὅτι
433 598 510 674 οὐδ’
529 597 643 672 ὁτιοῦν
659 595 772 681 αὐτοῖς
789 597 917 669 τούτων
934 599 1001 667 τών
1018 593 1150 685 χρημά-

132 723 167 777 29
182 735 251 777 των
276 709 450 797 προσῆκεν.
496 693 535 772 εὖ
562 698 595 770 δ’
614 696 681 770 οἶδ’
708 697 759 770 ὅτι
776 695 852 771 οὐδ’
881 707 912 769 εί
928 696 1151 788 συνεχώρουν

184 812 230 901 τῷ
255 809 349 876 παιδὶ
375 812 493 892 λαβεῖν
519 804 781 895 ἐπιδικασαμίνφ
808 797 887 892 παρ’
916 803 999 889 ἐμοῦ
1014 795 1052 868 τά
1071 793 1152 887 ήμι-

183 907 333 999 κλήρων,
352 901 414 975 οάιι
430 901 473 976 ἄν
490 931 568 973 ποτε
584 899 679 972 ταῦτ’
705 905 862 990 ἐποίησαν
878 897 955 971 οὐδ’
976 904 1152 988 ἐπεχείρη-

183 1030 262 1096 σαν,
283 1005 406 1087 εἰδότες
422 1003 490 1093 ὅτι,
514 1000 564 1074 ὅτ’
585 1007 622 1073 ἐν
637 1006 680 1092 τῇ
695 999 864 1093 άγχιστείμ
880 999 925 1091 μή
941 999 1035 1082 ὄντες
1053 997 1152 1088 εἶχόν

183 1138 213 1178 τι
231 1111 298 1178 τών
315 1104 359 1195 μή
374 1104 624 1196 προσηκόντων,
643 1099 734 1173 τοῦτ’
752 1099 794 1174 άν
811 1099 963 1174 ὑπάτων
981 1099 1153 1190 ἐγγύτατα

182 1212 300 1296 γένους
318 1212 441 1299 ῥαδίως
458 1203 687 1296 ἀφῃρέθησαν.
728 1202 809 1295 ὅπερ
826 1203 889 1294 γάρ
907 1206 962 1273 καί
980 1201 1152 1291 πρότερον

185 1309 295 1397 εἶπον,
322 1304 363 1376 οά
383 1313 500 1377 δίδωσι
516 1301 596 1395 μεθ’
615 1302 700 1394 ήμάς
724 1319 793 1386 τοϊς
810 1301 980 1393 ἡμετέροις
992 1305 1092 1372 παισὶ
1109 1299 1150 1371 τό

183 1407 339 1498 παράπαν
362 1405 423 1496 τήν
448 1404 638 1495 ἀγχιστείαν
661 1406 666 1493 Ι
688 1401 840 1495 δνόμος,
867 1402 950 1474 άλλά
975 1421 1044 1484 τοῖς
1062 1400 1150 1491 πρὸς

132 1523 166 1576 30
182 1507 302 1599 μητρὸς
325 1511 386 1577 τοῦ
407 1506 668 1594 τελευτήσαντος.
717 1496 797 1594 ήκευ
819 1501 863 1576 άυ
892 1495 955 1575 οὖν
979 1501 1033 1573 ἐπ’
1059 1500 1151 1573 αὐτοὶ

182 1611 278 1677 τοῦτο
302 1609 363 1695 μὲν
385 1603 402 1676 ὁ
420 1606 583 1677 Γλαύκων
606 1602 624 1676 ὁ
650 1609 712 1675 τοῦ
724 1601 858 1694 Ἁγνίου
880 1602 1043 1694 άδελφός,
1062 1601 1152 1693 πρὸς

182 1703 221 1777 ὃν
238 1705 282 1797 μή
299 1705 348 1776 ὅτι
371 1711 466 1795 γένος
485 1707 573 1797 εἶχον
595 1704 731 1795 άμεινον
756 1715 878 1796 εἰπεῖν,
901 1703 986 1775 άλλά
1002 1707 1058 1775 καὶ
1085 1709 1150 1788 ἔξω

181 1812 239 1895 τής
256 1805 440 1897 ἀγχιστείας
465 1804 633 1896 ἐφαίνοντ’
659 1801 701 1878 ἂν
718 1805 827 1896 ὄντες,
850 1811 948 1877 τοῦτο
967 1801 1020 1895 δ’,
1046 1813 1078 1875 εἰ
1097 1802 1145 1894 μή

184 1907 336 1994 ἐβούλετο
358 1898 470 1996 οὗτος,
495 1904 515 1996 ή
536 1903 669 1996 Ἀγνίου
692 1902 848 1978 κάκείνου
870 1907 995 1998 μήτηρ,
1021 1909 1146 1996 προσή-

183 2036 243 2077 ιιου
268 2010 323 2077 καὶ
350 2003 436 2097 αάτή
451 2013 508 2096 τῆς
525 2005 710 2098 ἀγχιστείας
726 2013 788 2078 τοῦ
805 2003 907 2096 αὑτῆς
924 2011 1030 2096 νίέος,
1056 2003 1147 2076 ὥσθ’

183 2103 275 2177 ὁπότ’
293 2105 469 2196 ἠγωνίζετο
487 2106 569 2198 πρὸς
584 2107 662 2190 τούς
675 2110 780 2198 μηδὲν
797 2113 886 2197 γένει
903 2106 1146 2200 προσήκοντας,

184 2211 336 2296 φανερώς
359 2202 401 2277 άν
426 2215 523 2296 ἔλαβε
540 2207 575 2278 τὸ
593 2203 788 2299 ήμικλήριον
806 2205 886 2300 παρ’
905 2205 1019 2297 άμών,
1047 2211 1146 2278 τοῦτο

131 2311 242 2377 31τοῦ
267 2314 396 2377 δικαίου
421 2312 476 2378 καὶ
498 2313 565 2379 τών
588 2309 701 2397 νόμων
729 2306 817 2399 αὐτῇ
841 2308 1046 2379 δεδωκότων.
1089 2307 1146 2402 οὐ·

182 2409 265 2474 κοών
290 2405 345 2475 διά
366 2405 464 2478 ταῦτ’
493 2406 556 2479 οὐκ
585 2408 782 2498 ἐλάγχανεν,
813 2407 875 2499 οὐχ
900 2406 944 2490 ώς
969 2406 1016 2478 δι’
1044 2405 1146 2498 ἐμδή
1227 2449 1228 2460 ¹

181 2502 259 2584 τούς
291 2504 414 2594 νόμους
446 2508 669 2599 κωλυόμενος,
702 2507 784 2578 άλλά
810 2508 932 2590 ταύτας
960 2508 1147 2600 προφάσεις

166 2602 376 2695 ’ποιοώμενος
388 2609 442 2675 ἐπὶ
459 2607 579 2689 ταύτας
596 2608 654 2690 τάς
672 2617 896 2699 συκοφαντίας
915 2607 1095 2699 ἐλήλυθεν,
1115 2614 1146 2693 ἐξ

183 2694 231 2774 ών
256 2702 389 2796 γραφήν
414 2706 623 2797 γραψάμενος
649 2713 704 2779 καὶ
732 2711 787 2799 ἐμὲ
814 2709 1006 2798 διαβάλλων
1025 2715 1147 2796 ἐλπίζει

182 2803 330 2893 χρήματα
347 2805 513 2894 λήψεσθαι
526 2811 580 2877 καὶ
601 2811 656 2898 ἐμὲ
673 2813 730 2900 τῆς
743 2814 919 2901 ἐπιτροπῆς
931 2807 1144 2896 ἀπαλλάξειν.

185 2906 240 2972 καὶ
257 2915 359 2975 οίεται
379 2911 494 2976 δεινοῦ
509 2936 597 2989 τινος
615 2905 737 3000 άνδρός
755 2917 868 3018 ἔργονο
881 2911 1146 3003 διαπράττεσθαι

183 3002 316 3084 ταύταις
341 3023 412 3086 ταῖς
438 3027 677 3098 παρασκευαῖς,
704 3005 753 3079 ὅτι
777 3009 822 3100 μή
848 3011 1068 3104 κατορθώσας
1086 3015 1146 3103 μὲν

182 3098 282 3172 οὐδὲν
307 3100 427 3174 άπολεῑ
448 3111 517 3176 τών
544 3105 664 3196 αὑτοῦ,
693 3111 955 3202 διαπραξάμενος
975 3110 1008 3184 δ’
1027 3109 1051 3183 ἃ
1068 3111 1143 3203 βοά-
1225 3141 1226 3146 ’

182 3211 271 3270 λεται
288 3206 343 3271 καὶ
359 3201 400 3271 τά
416 3210 477 3275 τοῦ
493 3207 610 3289 παιδὸς
627 3206 733 3289 άδεώς
750 3207 815 3299 ήδη
835 3212 1044 3304 διαφορήσει.

130 3314 163 3366 32
258 3299 392 3373 Οὐκοῦν
418 3301 458 3373 οά
486 3313 539 3376 δελ
562 3312 735 3397 προσέχειν
760 3306 846 3398 άμάς
863 3331 934 3396 τοῖς
951 3313 1077 3385 τούτου
1094 3312 1144 3386 λά·

180 3426 249 3483 γοις
275 3399 333 3470 τόν
349 3405 448 3491 νοῦν,
475 3402 552 3474 οὐδ’
580 3411 780 3499 ἐπιτρέπειν,
807 3409 886 3481 οὐδ’
906 3418 1033 3500 ἐθίζειν
1060 3415 1144 3487 εἶναι

194 3497 308 3584 ὐαφάς
333 3503 408 3591 περὶ
435 3493 483 3572 ών
509 3512 596 3587 ἰδίας
623 3512 717 3590 δίκας
743 3515 778 3579 οί
791 3510 887 3602 νόμοι
911 3514 1142 3604 πεποιήκασιν.
