2460 3918
8 225 41 276 p.
61 207 103 260 78.
197 209 287 262 ΠΕΡΙ
304 208 379 260 Tor
396 207 616 261 ΑΣΤΤΦΙΔΟΤ
633 209 796 262 ΚΛΗΡΟΤ.
910 213 971 276 123

11 377 193 470 τεκμήριον
211 385 307 449 ἔσται.
347 381 482 450 τοιαῦτα
476 381 609 507 μέντρι
625 376 795 468 κοινῇέπ’
816 383 885 468 ἐμοὶ
901 407 972 470 τεχ-

12 479 189 565 υάζουσιν·
195 475 339 604 ηγείται
361 477 424 569 γάρ
442 476 552 550 αὐτων
571 477 723 586 ἑκάτερος
742 477 868 570 εὕρημα
886 488 972 569 ἐχειν

12 579 33 651 δ
48 610 82 650 τι
100 575 145 650 διν
161 582 228 654 τῶν
242 575 441 668 Ἀστυφίλου
459 577 553 670 λάβη.

59 677 119 760 Ὡς
135 680 199 768 μὲν
216 707 278 750 ουν
295 676 357 750 ούκ
374 683 461 750 εἰσὶν
478 675 615 768 ἀληθείς
633 685 671 749 αλ
691 684 865 769 διαθῆκαι,
891 676 974 750 άλλά
990 700 1024 751 27

13 783 135 850 Κλέων
161 783 217 850 καλ
251 775 411 870 Ἱεροκλῆς
439 778 613 867 βούλονται
646 776 731 868 ύμάς
764 783 971 869 ἐξαπατῆσαι,

14 877 94 950 καθ’
119 875 201 950 ὅσον
225 877 392 970 ἐδυνάμην
414 877 583 963 ἀπέδειξα
615 875 715 960 οδςδ’
740 884 846 951 εἰκαὶ
868 882 973 970 μηδὲν

14 979 194 1103 προσήκων
220 986 335 1102 ἔτυχον
350 977 551 1102 Ἀστυφίλῳ,
577 979 778 1070 δικαιότερός
799 988 864 1070 είμι
887 988 974 1070 ἔχειν
1101 973 1104 980 ’

15 1110 53 1149 τα
42 1078 145 1150 ἐιιεί
130 1089 205 1150 ίυου
222 1075 242 1167 ἢ
260 1069 367 1170 ούτοι,
388 1075 547 1202 διδάξω
528 1083 621 1169 υμᾶς.
655 1077 710 1149 ὅτε
726 1079 789 1171 γάρ
812 1079 974 1170 ἐλάμβανε

16 1179 229 1272 Θεόφραστος
246 1209 273 1250 ο
253 1176 357 1270 ἐμδς
373 1177 482 1270 πατὴρ
492 1177 554 1268 τὴν
568 1177 648 1274 ἐμὴν
659 1183 794 1303 μητέρα
793 1177 871 1250 καδ’
865 1194 974 1251 Αστυ·

16 1289 117 1369 φίλον
152 1277 241 1371 παρά
260 1275 473 1372 Ἱεροκλέους,
508 1269 593 1368 ἦλθε
626 1283 682 1350 καὶ
716 1277 818 1352 αύτδν
847 1285 974 1402 ἐκεῖνρν

17 1388 138 1470 ἔχουσα
170 1378 289 1472 μικρδν
321 1377 418 1470 ὄντα,
454 1383 508 1450 καὶ
545 1384 676 1470 διητᾶτο
704 1377 783 1471 παρ’
813 1377 894 1504 ἡμῖν
916 1379 974 1453 τδν

17 1508 146 1552 απαντα
161 1475 317 1573 γρόνονδ
332 1477 543 1571 Ἀστύφιλος,
562 1484 617 1551 καὶ
636 1477 851 1570 ἐπαιδεύθηε
830 1479 897 1552 υπδ
913 1486 975 1552 τού

21 1579 139 1672 πατρὸς
155 1585 218 1652 τού
235 1583 323 1670 ἐμοῦ.
353 1585 408 1652 καὶ
428 1579 541 1669 ἐπειδὴ
560 1580 621 1670 ἐγοδ
641 1581 864 1672 ἐγενόμηυκαδ
883 1579 974 1674 οδραν
990 1607 1025 1660 28

19 1681 109 1770 εἶχον
133 1679 371 1770 παιδεύεσθαι,
406 1678 478 1771 μετ’
510 1686 640 1753 ἐκείνου
675 1681 972 1772 συυειιαιδευδμην.

17 1782 111 1868 Λαβὲ
132 1784 172 1850 δέ
190 1810 245 1870 μοι
267 1780 391 1870 ταύτην
407 1779 469 1870 την
485 1791 686 1873 μαρτυρίαν,
712 1783 781 1852 εἶτα
796 1786 864 1852 τοῖν
882 1788 972 1852 διδα·

16 1880 147 1952 σκύλων
163 1877 239 1952 ὅποι
257 1885 447 1971 ἐφοιτοδμεν.

388 2043 598 2097 ΜΑΡΤΤΡΙΑῙ.

95 2181 139 2253 Τδ
156 2192 272 2254 τοίνυν
284 2191 405 2274 χοιρίον
421 2181 457 2253 ιδ
476 2187 605 2255 ἐκείνου
618 2187 782 2278 πατρῷον,
801 2163 972 2275 οδάιιδρες,

16 2279 33 2353 δ
51 2282 159 2374 πατὴρ
176 2279 194 2354 δ
211 2281 289 2374 ἐμὸς
308 2283 470 2372 ἐφύτευσε
487 2288 542 2354 καὶ
560 2282 713 2376 ἐγεύργει
730 2288 786 2355 καὶ
804 2289 905 2356 ἐποίει
925 2292 972 2356 δι-
1075 2299 1078 2306 “

17 2393 161 2454 πλασίου
177 2381 278 2467 ἄξιον.
312 2380 473 2471 Ἀνάβητέ
486 2413 541 2473 μοι
558 2384 757 2456 καὶτούτων
773 2385 945 2478 μάρτυρες.

388 2549 595 2602 ΜΑΡΤΤΒΕΣ.

85 2682 178 2756 Ἐπεὶ
202 2695 319 2756 τοίνυν
344 2687 548 2778 ἐδοκιμάσθη
582 2685 599 2760 δ
629 2685 792 2779 ἀδελφός,
827 2686 971 2775 ἀπέλαβε
989 2714 1023 2767 29

15 2784 121 2856 πάντα
137 2783 249 2878 ὀρθῶς
264 2789 321 2857 καὶ
333 2793 482 2879 δικαίως,
501 2786 585 2860 δι’στε
597 2793 724 2862 ἐκεῖνον
740 2790 825 2879 μηδὲ
841 2785 972 2857 πύτιοτε

15 2888 118 2974 μηδὲν
143 2889 314 2975 ἐγκαλέσαι
336 2891 383 2980 τῷ
400 2893 467 2981 ἐμςδ
482 2889 605 2981 ιιατρί.Χ
632 2887 713 2979 μετά
738 2890 775 2959 δέ
791 2890 894 2958 ταῦτα
910 2885 971 2976 την

14 2983 166 3075 ἀδελφὴν
187 2983 249 3074 τὴν
277 2991 405 3060 ἐκείνου
433 2983 638 3080 ὁμοπατρίαν
662 2987 830 3078 ἠγγύησεν
852 2983 870 3058 ὁ
894 2985 1001 3078 ἐμδς,

14 3084 121 3177 πατὴρ
140 3083 205 3179 ὅτρι
220 3085 327 3158 ἐδόκει
345 3085 451 3182 αύτῷ,
469 3093 525 3170 καὶ
541 3081 642 3160 τάλλα
653 3088 781 3181 διρδκει,
800 3091 971 3160 καὶταῦτα
1103 3117 1106 3128 ’

13 3191 57 3278 τῷ
70 3184 261 3280 Ἀστυφίλςο
280 3187 421 3278 ἐξήρκει·
447 3188 566 3278 ἱκανὴν
583 3187 645 3279 γάρ
663 3184 806 3277 ἡγήσατο
823 3188 971 3277 βάσανον

14 3289 187 3376 είληφέναι
215 3283 279 3357 άπδ
306 3291 369 3358 τού
391 3288 511 3380 πατρὸς
534 3294 595 3362 τού
616 3291 697 3378 ἐμού
718 3292 776 3377 της
799 3297 845 3370 είς
869 3285 971 3360 αύιδν

13 3384 163 3475 εύνοίας,
190 3389 225 3456 ἐκ
240 3391 362 3478 μικρού
377 3396 512 3460 παιδίου
529 3391 752 3480 τεθραμμένος
770 3387 850 3480 παρ’
868 3386 969 3482 αύτῷ.

12 3489 219 3580 μαρτυροῦσι
238 3488 276 3557 δὲ
293 3483 373 3576 ύμῖν
390 3492 445 3559 καὶ
463 3493 612 3582 περὶτῆς
631 3487 750 3577 ἐγγύης
771 3495 806 3559 οδ
821 3489 953 3570 είδότες.
