2466 3914
228 229 269 289 26
555 293 561 308 ι
642 217 768 270 ιυειον
1089 215 1142 267 οι.
1160 219 1181 269 2.

228 388 415 478 ἀπέδωκεν,
439 379 534 472 οὗτος
558 397 655 477 ἔλαβε
677 392 795 480 ζῶντος
819 392 948 458 ἐκείνου
972 395 1038 475 ἔτι,
1059 389 1129 466 πῶς
1146 383 1182 455 οό

175 519 212 571 28
229 495 418 583 περιφανῷς
452 493 648 580 ἐξελέγχεται
676 485 813 575 α’ναιδῆς
848 487 911 572 ῷνς
942 484 997 568 Ὡς
1036 487 1075 557 δὲ·
1111 493 1181 574 ἔχει,

231 587 294 680 έγιά
312 594 471 673 ἐπιδείξω.
515 587 627 677 ἐπειδὴ
651 586 713 677 γάρ
736 594 803 657 ἔδει
825 592 872 680 τῷ
888 585 1029 680 ὀρφανῷ
1051 584 1093 670 τά
1111 585 1180 676 χρή-

230 719 315 781 ματα
345 687 557 778 ἀποδιδόναι,
587 685 605 759 ὁ
634 686 666 758 δ’
696 684 757 758 οὐκ
789 689 875 777 εἶχεν
901 684 1030 758 ὁπόθεν
1060 684 1180 778 άποδῷ,

230 790 319 861 τόκοι
342 792 379 859 δὲ
401 794 525 859 πολλοῦ
546 788 665 880 χρόνον
688 787 947 879 συνερρυηκότες
970 777 1061 876 ῆσαν
1084 783 1179 878 αὐτῷ,

230 888 267 961 τό
284 898 405 980 χωρίον
423 888 548 960 ἐκάλει.
588 891 642 958 καὶ
665 878 761 968 οὗτος
784 892 901 977 καιροό
923 885 1110 977 λαβόμενος
1132 889 1181 954 καὶ

231 988 428 1078 βουλόμενος
445 985 537 1082 αὐτῷ
554 987 755 1078 ἐπηρεάζειν,
773 985 822 1056 ὅτι
841 989 895 1076 ἐμὲ
908 985 1103 1076 ἐποιήσατο,
1123 991 1179 1055 διε-

231 1087 338 1158 κάλυε
359 1086 396 1159 τό
418 1097 538 1180 χωρίον
561 1092 746 1180 πραθῆναι,
768 1093 825 1158 ἵνα
846 1083 1076 1178 κατοκώχιμον
1093 1090 1180 1174 γένη-

230 1217 284 1258 ται
301 1191 356 1259 καὶ
373 1185 569 1278 ἀναγκασθῇ
584 1191 633 1282 τῷ
641 1183 780 1284 ὀρφανῷ
790 1184 980 1276 άποστῆναι.
1019 1185 1178 1277 ῆμφισβῆ-

230 1317 278 1358 τει
302 1279 365 1358 οὖν
387 1284 480 1380 αὐτῷ
506 1291 625 1379 μέρους
651 1285 740 1368 τινός
769 1292 831 1357 τοῦ
858 1297 998 1378 χωρίου,
1025 1285 1180 1378 πρότερον

230 1385 310 1458 οὐδὲ
344 1385 473 1458 πόποτε
506 1385 771 1478 ἀμφισβητήσας,
806 1391 861 1458 καὶ
895 1384 1086 1478 ἀπηγόρευε
1118 1403 1178 1466 τοῖς

176 1506 213 1558 29
231 1485 428 1576 ὠνουμένοις
445 1485 488 1576 μή
502 1484 671 1557 ὠνεῖσθαι.
701 1483 850 1568 κάκελνος
867 1484 1066 1575 ἠγανάκτει,
1085 1485 1178 1575 οἶμαι,
1214 1569 1215 1576 ρ

231 1589 286 1657 καὶ
308 1583 507 1674 ἠναγκάζετο
530 1583 768 1657 ὑπολείπεσθαι
791 1578 832 1657 οὖ
853 1585 1108 1678 ἠμφισβήτησεν
1129 1576 1177 1655 015-
1214 1581 1215 1588 ά

229 1715 292 1767 τος.
332 1685 368 1756 τό
387 1687 425 1756 δὲ
441 1685 520 1756 ἄλλο
543 1683 736 1758 άποδίδοται
755 1696 908 1781 Φιλίππφ
925 1692 972 1781 τῷ
988 1699 1117 1758 Πιτθεῖ
1132 1688 1177 1772 ἑβ-

232 1786 415 1877 δομήκοντα
440 1790 549 1876 μνῷν,
580 1789 634 1856 καὶ
664 1783 751 1856 οὕτω
783 1786 909 1857 διαλύει
940 1786 999 1858 τόν
1026 1784 1175 1877 ὀρφανόν,

232 1885 312 1956 ἑπτά
345 1891 427 1976 μνᾶς
461 1890 516 1956 καὶ
549 1885 708 1957 τάλαντον
741 1883 884 1968 άποδούς
914 1884 978 1958 άπὸ
1005 1892 1065 1976 τῆς
1093 1888 1176 1975 τιμῆς

231 1992 293 2058 τοτ’
324 1994 459 2078 χωρίου·
493 1986 598 2080 τοότφ
633 1987 670 2056 δὲ
703 1985 855 2075 λαγχάνει
881 1993 978 2075 δίκην
1003 1992 1062 2077 τῆς
1087 1983 1175 2073 άπορ·

232 2086 365 2178 ρήσεως.
411 2085 518 2175 λόγων
546 2089 584 2156 δὲ
610 2090 741 2157 πολλῶν
767 2091 954 2177 γενομένων
982 2092 1040 2159 καὶ
1065 2095 1175 2177 ἔχθρας

231 2191 353 2275 πολλῆς
385 2191 496 2270 ἔδοξεν
522 2181 603 2277 ῆμῖν
626 2191 759 2276 χρῆναι,
787 2186 910 2277 ἵναμή
932 2213 1011 2259 ποτε
1037 2199 1112 2276 etun
1133 2211 1173 2262 τις

232 2288 287 2374 έμλ
308 2296 562 2376 φιλοχρηματεῖν
586 2289 641 2356 καὶ
665 2285 804 2376 ἐχθροδς
826 2283 991 2375 άδελφοδς
1009 2287 1107 2368 ὄντας
1124 2280 1174 2354 αό·

230 2384 307 2465 τούς
330 2384 542 2474 καθιστάναι,
568 2389 736 2476 ἐπιτρέψαι
758 2387 805 2480 τῷ
826 2413 862 2456 τε
886 2393 1031 2478 κηδεστῇ
1046 2391 1094 2481 τῷ
1110 2381 1172 2455 τοό·

178 2494 214 2546 30
230 2512 290 2553 τον
307 2487 446 2564 καὶτοῖς
463 2493 570 2573 φίλοις
589 2489 759 2573 διαιτῆσαι.
796 2490 914 2558 ἐκείνοι
933 2485 965 2557 δ’
986 2490 1082 2558 εἷπον
1092 2481 1172 2574 ῆμῑν,

233 2591 262 2653 εἰ
278 2584 339 2672 μὲν
352 2586 577 2674 ἐπιτρέποιμεν
588 2582 699 2665 αὐτοῖς
712 2583 795 2656 ὥστε
812 2583 852 2656 τά
866 2594 978 2658 δίκαια
990 2589 1171 2676 διαγνῶναι,

231 2680 293 2754 οάκ
310 2678 352 2753 άν
370 2691 496 2772 ἔφασαν
520 2688 697 2773 διαιτῆσαι
721 2682 905 2779 οὐδὲνγὰρ
929 2695 1063 2759 δεῖσθαι
1086 2683 1172 2771 άπέχ-

231 2795 355 2854 θεσθαι
370 2779 555 2875 οὐδετέροις
571 2780 681 2874 ῆμοῖν·
708 2793 738 2855 εί
754 2782 785 2856 δ’
806 2785 943 2878 ἐάσομεν
961 2785 1082 2868 αότοός
1097 2785 1171 2874 γνῷ·

230 2913 286 2953 ναι
307 2882 347 2954 τά
369 2887 577 2976 συμφέροντα
601 2889 718 2974 πᾶσιν,
743 2891 871 2974 ἔφασαν
894 2888 1083 2978 διαιτήσειν.
1125 2883 1169 2952 καὶ

230 2979 339 3073 ῆμελς,
363 2989 420 3054 ἵνα
445 2983 486 3073 δή
509 2985 707 3074 πραγμάτων
728 2982 986 3079 ἀπαλλαγῶμεν,
1012 2986 1056 3070 ὥς
1077 3013 1115 3075 γε
1136 2978 1169 3066 δὴ

177 3100 212 3152 31
232 3081 381 3176 ῷόμεθα,
406 3083 509 3166 οὕτως
528 3089 749 3175 ἐπιτρέπομεν.
790 3091 845 3156 καλ
869 3093 987 3160 ἐκεῖνοι
1004 3086 1169 3179 ὀμόσαντες

230 3180 310 3273 ῆμῑυ
328 3182 408 3275 πρὸς
425 3189 472 3278 τῷ
482 3189 583 3279 βωμῷ
598 3189 643 3278 τῷ
660 3189 717 3274 τῆς
732 3183 924 3276 Ἀφροδίτης
941 3193 999 3278 τῆς
1010 3186 1168 3277 Κεφαλῆσι

136 3291 140 3303 ’
231 3281 272 3352 τά
293 3288 503 3388 συμφέροντα
524 3285 728 3374 γνώσεσθαι,
755 3285 914 3375 διῄτησαν
934 3285 1018 3380 ήμάς
1041 3284 1167 3365 άποστῆ·

231 3413 286 3454 ναι
309 3374 357 3453 τόν
385 3389 479 3465 ον’τος
501 3382 728 3474 ἠμφισβήτησε
750 3389 807 3455 καὶ
829 3392 947 3459 δοῦναι
972 3385 1112 3480 δωρεάν·
1132 3373 1166 3448 οὐ
1210 3429 1211 3472 1

230 3481 294 3572 γάρ
312 3491 439 3570 ἔφασαν
458 3485 540 3554 εἶναι
558 3481 661 3570 ἄλλην
682 3479 874 3574 άπαλλαγῆν
890 3485 1065 3580 οόδεμίαν,
1088 3490 1117 3554 εἰ
1129 3475 1166 3568 μδ
