2466 3914
203 191 240 239 w
489 172 695 226 PRAEFATIO
715 173 870 226 cmmcn.

201 359 381 428 pervenerunt
401 357 529 410 aetatem.
552 348 579 403 in
595 366 627 404 eo
642 365 783 404 causarum
797 347 960 422 privatarum
981 363 1081 421 genere
1095 365 1155 405 ver·

202 443 304 497 santur,
321 434 393 490 haud
407 433 483 490 multi
500 433 610 487 luerunt
625 433 670 505 qui
685 432 774 489 studia
788 448 837 487 sua
845 431 1011 488 conferrent.
1035 431 1155 505 Contigit

202 528 291 576 tamen
306 517 345 574 eis
364 525 395 574 ut
408 516 547 589 egregium
561 532 653 572 rerum
669 517 790 574 oratione
809 513 1001 589 explicaturum
1016 514 1153 572 dictionis·

202 619 255 676 que
278 602 497 658 nanciscerentur
519 605 703 656 enarratorem
723 600 889 672 eundemque
911 599 1035 656 criticum
1049 599 1155 655 muneri

202 703 252 743 suo
262 702 352 760 parem
367 684 464 756 Georg.
478 683 549 739 uria.
562 683 788 746 Schoemannum,
805 700 820 738 a
836 700 889 756 quo
905 682 1033 740 derebus
1049 682 1156 756 quidem

201 769 378 843 inprimisque
402 768 435 823 de
450 767 508 823 iure
531 766 600 822 civili
615 767 659 822 vir
676 785 746 824 unus
762 775 789 836 et
809 765 879 823 alter
893 765 1002 823 relictus
1020 765 1095 822 locus
1113 774 1156 822 est

202 853 259 928 qui¹
270 859 317 908 aut
339 852 503 908 accuratiore
525 851 715 928 retractatione
733 859 780 907 aut
792 851 960 908 correctione
979 850 1100 924 indigere
1117 849 1157 904 vi·

201 938 304 993 deatur.
334 935 370 991 lle
387 935 474 990 verbis
486 940 575 990 autem
588 934 661 992 illius
678 935 795 992 oratoris
812 935 1009 1008 perpurgaudis
1024 942 1104 1007 atque
1122 933 1156 988 ad

199 1019 341 1094 pristinam
352 1019 469 1093 speciem
476 1018 630 1076 revocandis
644 1037 705 1077 cum
719 1018 819 1093 optime
832 1026 990 1075 meruerunt
1002 1019 1075 1074 imm.
1089 1017 1156 1073 belr-

201 1103 283 1160 lierus
298 1112 325 1158 et
341 1103 427 1160 critici
441 1102 613 1168 Turicenses,
631 1120 746 1177 quorum
760 1101 807 1159 ille
821 1102 850 1158 in
863 1102 916 1159 hoc
931 1103 1016 1176 magis
1031 1119 1110 1176 quam
1128 1102 1157 1156 in

201 1188 299 1244 ceteris
322 1187 475 1244 oratoribus
499 1195 628 1260 quantum
649 1187 751 1260 ingenii
774 1187 895 1243 acumine
910 1194 1004 1260 posset
1024 1187 1156 1259 sagacita-

202 1278 283 1344 teque
309 1271 442 1334 ostendit.
468 1271 496 1325 hi
518 1271 607 1344 siquid
629 1271 662 1328 ab
675 1273 734 1328 viro
755 1270 803 1327 illc
823 1269 980 1327 doctissimo
1002 1270 1156 1343 neglectum

200 1362 274 1411 esset
294 1355 443 1411 autminus
458 1363 533 1411 recte
548 1355 702 1412 institutum
726 1355 900 1428 expleverunt
914 1363 960 1411 aut
970 1361 1156 1417 correxerunt,

201 1447 259 1496 tum
276 1438 328 1495 hoc
343 1446 465 1512 tempore
479 1455 557 1494 nemo
574 1440 646 1512 quod
660 1441 741 1496 sciam
760 1440 787 1495 iu
803 1439 929 1496 omnibus
944 1437 1011 1494 lsaei
1026 1437 1156 1494 orationi·

201 1521 252 1578 bus
266 1523 435 1582 recensendis
457 1522 619 1596 edendisque
636 1523 798 1596 peculiarem
816 1538 925 1596 operam
945 1539 1091 1596 curamque
1105 1538 1156 1595 po·

200 1606 265 1662 suit.
294 1605 359 1662 Nam
374 1605 513 1662 bobsonus
529 1607 672 1664 Britannus
688 1608 714 1662 id
735 1607 791 1680 egit
804 1615 836 1663 ut
851 1606 981 1680 quidquid
995 1613 1068 1662 esset
1085 1621 1156 1661 ace-

201 1690 267 1746 teris
275 1689 470 1763 interpretibus
484 1691 515 1746 ad
531 1690 590 1746 illas
605 1691 778 1747 illustrandas
799 1689 907 1747 allatum
921 1689 1066 1763 diligenter
1078 1687 1156 1745 colli·

200 1780 292 1845 geret,
320 1790 382 1829 raro
406 1774 523 1846 quidde
542 1791 650 1848 quoque
670 1773 731 1831 loco
753 1775 812 1848 ipse
832 1775 946 1830 sentiret
964 1772 1155 1848 profiteretur:

200 1856 228 1911 id
243 1865 331 1913 tamen
343 1857 470 1913 utilitatis
481 1857 572 1914 attulit
585 1859 777 1916 adorationem
790 1858 858 1914 lsaei
872 1856 973 1914 rectius
988 1857 1156 1915 constituen-

199 1941 273 2004 dam,
298 1941 370 2014 quod
392 1940 493 1998 codicis
516 1942 610 2015 optimi
630 1942 780 2016 Grippsiani
798 1943 896 1999 iterum
921 1959 936 1998 a
957 1959 986 1997 se
1007 1941 1113 1998 excussi
1127 1947 1156 1996 et

198 2021 343 2081 Burneiani
365 2024 516 2098 scripturae
545 2027 751 2100 discrepantiam
774 2025 915 2100 evulgavit.
946 2024 1067 2080 Parisiua
1090 2039 1155 2080 vero

200 2108 282 2164 editio
298 2127 312 2164 a
327 2108 421 2165 Garolo
439 2109 551 2166 bldllero
567 2110 778 2167 incuriosissime
791 2119 885 2166 curata
897 2127 957 2166 cum
972 2125 1006 2164 ne
1020 2114 1156 2164 transver-

181 2225 184 2248 t
200 2209 258 2247 sum
273 2193 378 2264 quidem
389 2210 507 2266 unguem
516 2193 635 2250 discedat
649 2212 664 2250 a
676 2195 815 2251 'luriceusi
825 2195 852 2249 in
867 2211 977 2250 censum
992 2188 1082 2248 venire
1098 2208 1156 2247 non

199 2282 300 2348 potest.
338 2275 390 2330 Sed
412 2293 499 2348 nuper
521 2277 681 2334 exstiterunt
702 2278 821 2351 quamvis
837 2278 915 2351 pauci
933 2276 978 2350 qui
995 2276 1023 2330 in
1039 2274 1155 2348 singulis

199 2357 267 2414 locis
290 2357 456 2432 expoliendis
471 2361 642 2433 mendisque,
666 2357 765 2435 quibus
787 2362 815 2416 in
837 2369 912 2416 tanta
935 2358 1155 2416 doctissimorum

200 2442 320 2498 virorum
331 2437 462 2497 industria
473 2460 504 2499 ac
518 2443 659 2517 diligentia
672 2453 760 2501 tamen
769 2444 911 2519 permultis
924 2443 1080 2516 inquinatae
1090 2451 1156 2500 sunt

198 2525 268 2581 lsaei
285 2525 435 2588 orationes,
458 2525 602 2584 liberandis
624 2529 717 2585 sedulo
735 2529 912 2585 elaborarent.
941 2529 970 2584 ln
985 2527 1084 2600 quibus
1098 2543 1155 2582 non

199 2609 331 2665 mediocri
345 2609 423 2666 laude
433 2609 508 2684 digni
520 2620 583 2667 sunt
595 2611 739 2675 bobraeus,
753 2613 897 2669 Britannus
904 2610 1155 2687 perspicacissimus

198 2690 345 2765 (adversar.
366 2691 419 2750 vol.
440 2694 460 2749 1.
480 2712 506 2768 p.
524 2702 575 2756 286
592 2713 651 2768 sqq.
675 2704 703 2752 et
724 2704 792 2752 orat.
807 2697 862 2752 Att.
879 2697 919 2752 ed.
936 2695 1050 2752 llobson.
1071 2694 1111 2750 lV.
1126 2711 1153 2767 p.

196 2773 352 2850 v-xvt.).
366 2777 507 2852 Emperius
525 2778 643 2852 (opuscc.
659 2797 685 2852 p.
701 2785 752 2840 279
770 2798 828 2854 sqq.
843 2789 872 2836 et
892 2779 965 2852 316),
983 2778 1154 2835 bleutzuerus

198 2857 260 2931 (act.
278 2862 372 2918 societ.
385 2860 499 2917 Graecae
513 2862 543 2917 ll.
557 2881 584 2936 p.
597 2870 630 2924 99
643 2862 727 2936 sqq),
743 2863 789 2920 lid.
804 2863 938 2920 lenickius
953 2862 1109 2936 (observatt.
1125 2861 1155 2917 in

197 2943 301 3000 lsaeum
321 2946 393 3020 bips.
419 2941 564 3021 1838),1G.
585 2949 616 3002 A.
633 2947 801 3020 Hirschigius
823 2947 930 3018 (Philol.
949 2945 1000 3002 vol.
1015 2946 1044 3008 V,
1060 2963 1087 3018 p.
1102 2952 1155 3006 322

198 3027 266 3100 aql:
283 3045 386 3102 paucos
407 3027 482 3086 locos
498 3029 625 3088 sollerter
642 3039 669 3088 et
685 3031 822 3094 alacriter,
842 3033 882 3088 nti
898 3031 982 3093 solet,
999 3030 1090 3103 attigit
1103 3029 1154 3086 Go-

197 3110 277 3168 betus
300 3113 342 3170 vel
361 3113 390 3168 in
408 3113 488 3170 variis
507 3113 549 3170 vel
562 3115 590 3170 in
607 3115 684 3171 novis
698 3115 868 3180 lectionibus.
902 3113 1048 3172 Pervellem
1063 3122 1153 3170 tamen

196 3194 309 3253 batavus
325 3197 559 3270 ingeniosissimus
574 3199 674 3272 quique
685 3207 793 3273 praeter
809 3207 915 3256 ceteros
937 3199 1052 3256 emineat
1068 3197 1153 3254 Attici

197 3283 332 3336 sermonis
361 3289 485 3337 accurata
505 3285 661 3356 etcopiose
688 3276 804 3339 scientia'
817 3283 953 3356 cognitam
970 3275 1082 3339 haberet
1105 3289 1153 3337 aut

197 3377 366 3436 cognoscere
386 3364 466 3420 vellet
482 3364 755 3440 baiteriSauppiique
771 3366 994 3439 elegantissimam
1013 3372 1152 3421 oratorum

195 3445 348 3504 Atticorum
368 3448 525 3512 editionem,
547 3467 580 3505 ne
603 3467 671 3523 quae
691 3449 743 3506 iam
757 3451 864 3506 inventa
882 3458 973 3508 essent
987 3456 1152 3524 receptaque
