2460 3918
380 210 680 262 λΠοΣΠεΣΜεΤιι.
819 259 820 264 ,
943 215 1004 279 159

61 381 155 477 ρείαις
160 401 209 438 και
199 370 316 458 ’λόγοιν
327 382 525 477 παρασκευαῖς
535 371 629 437 ἐπλ’
596 399 650 454 την
662 370 735 455 ἐμὴν
746 368 929 477 ἐλήλυθεν,’
913 372 1004 457 ανάγ-

60 487 111 541 κη,
136 453 173 534 ὦς
199 461 288 534 ἐυικε,
271 454 487 565 Μγσυμφυρολν
485 459 539 538 μέν
562 455 637 520 ελναι
659 482 715 540 νομ
743 483 787 522 ειν
807 455 850 522 ὅτι
873 458 1005 534 τοιοῦτός

60 546 174 606 ἐστιν’
145 551 249 617 οικεῖος
265 540 323 622 666,
343 550 556 625 απολογεῖσθαι
577 543 609 606 δὲ
630 543 698 644 περὶ
718 567 759 608 ων
782 545 939 625 ἐγκέκληκε
954 544 1004 606 καὶ

61 631 110 702 ἐξω
121 630 172 688 τού
184 623 366 731 πράγματος
364 631 433 708 διαβ
435 622 606 708 ἐβληκεν,’
588 652 626 701 ως
640 619 677 688 66
691 612 746 690 ούν
761 627 919 708 δυνώμεθα
933 651 1004 708 προ-

60 705 203 790 θυμότατα
217 733 289 811 προς
304 737 389 813 υμας.
417 719 525 813 Dionys
541 716 598 772 Hal.
613 718 635 772 V
628 736 675 810 p.
692 726 744 779 698
758 717 820 776 coll.
835 725 894 815 600.
915 748 952 759 -
967 745 1003 762 ·-

116 807 157 861 23.
185 790 291 858 Πόθεν
315 789 371 874 χρὴ
388 793 581 858 πιστεύεσθαι
603 788 639 858 τοὶ
658 796 795 895 εἰρημένα
816 790 888 896 πρὸς
907 799 1004 872 θεῶνς
1024 811 1038 862 1

60 873 108 940 οὐκ
128 877 159 939 ἐκ
179 882 239 941 τῶν
260 883 446 981 μαρτυριῶνς
474 875 558 959 οἶμαί
564 901 615 977 γε.
648 875 746 942 πόθεν
764 879 795 942 66
812 873 881 953 τούς
885 876 1005 982 μύρτα-

60 987 121 1043 ρας;
143 956 197 1024 οὐκ
212 963 245 1024 ἐκ
259 967 320 1026 τῶν
334 960 487 1065 βασάνους
510 958 587 1036 εἰκός
601 979 642 1063 γε.
665 961 761 1026 πόθεν
778 963 809 1024 δέ
822 987 859 1066 γε
874 957 1005 1025 ἀπιστεῖ·

61 1053 126 1107 σθαι
144 1040 211 1121 τούς
229 1043 338 1150 λόγους
360 1042 428 1122 τούς
447 1041 573 1121 τούτους
602 1037 658 1108 ούκ
678 1047 710 1108 ἐκ
728 1050 780 1109 τού
800 1043 923 1149 φεύγειν
938 1041 1006 1121 τούς

61 1123 237 1210 ἐλέγχους;’
221 1130 345 1239 ανύγκη
354 1129 474 1233 μεγύλη.
508 1131 666 1230 φαίνομαι
670 1134 772 1194 τοίνυν
791 1124 848 1212 ἐγὼ
863 1131 917 1233 μέν
937 1129 1005 1194 διώ-

62 1237 114 1274 κυν
128 1217 218 1276 ταῦτα
238 1217 289 1278 καῖ
312 1208 348 1276 66
359 1212 518 1314 πράγματα
532 1215 573 1288 εἰς
587 1209 768 1316 βασάνους”
750 1239 847 1296 αγων,
872 1201 956 1290 οὗτος
974 1213 1006 1278 66

63 1297 101 1357 ἐπι
93 1293 293 1397 ’διαβολὰς
267 1323 317 1360 και
308 1294 436 1398 ’λόγους
452 1293 640 1376 καθιστάς,
622 1321 694 1399 οπερ
710 1293 749 1360 ι’ὶν
763 1323 807 1373 τις
820 1304 1006 1361 πλεονεκτεῖν

63 1376 228 1460 βουλόμενος
247 1378 405 1484 ποιήσειεν·
440 1381 528 1462 ἐχρῆν
554 1382 586 1444 δὲ·
606 1373 711 1485 αύτύν,
733 1379 830 1464 εἴπερ
838 1407 867 1445 τι
891 1385 1040 1449 δίκαιον2

65 1462 168 1567 ἐφρόνει
183 1461 290 1528 καῖ’
251 1492 292 1548 μη
310 1468 585 1568 παρακρούσασθαι
589 1459 641 1541 τοῖς
654 1460 793 1568 ὑμετέρας
806 1464 924 1568 γνώμας
941 1463 1005 1568 ἐζή-

65 1573 110 1627 τει,
132 1575 173 1651 μη
180 1573 228 1631 μα
216 1551 306 1613 ’Δία
321 1555 412 1613 ταῦτα
431 1558 544 1628 ποιεῖν,
568 1543 633 1612 ἄλλ’
650 1545 749 1613 ἐπι’
718 1573 770 1614 τον
785 1545 923 1632 λογισμὸν
934 1544 1006 1652 μεταλ

69 1631 206 1734 μαρτύρων
233 1633 333 1697 ἐλθεῖν
354 1635 405 1697 καλ
428 1630 609 1710 ἐξετύζειν“
592 1655 700 1698 εκαστα
718 1638 777 1697 τῶν
805 1635 836 1696 ἐν
857 1639 898 1720 τυί
918 1631 1005 1738 λύγοο,

70 1716 104 1776 καὶ
116 1721 219 1819 τούτου
233 1712 284 1782 τὸν
297 1712 406 1818 666606
421 1741 480 1827 παρ
484 1715 582 1818 ’ἐμοῦ
596 1715 841 1818 πυνθανόμενον
868 1697 1006 1818 εἰσφορύις

68 1803 148 1885 λογίζῃ
165 1799 275 1880 πόσας;
304 1797 403 1903 [τόσας
427 1828 477 1864 και
502 1798 609 1882 τόσας]
646 1795 720 1864 6666
745 1796 837 1862 πόσον
847 1795 1005 1946 ἆργύριίον

65 1853 302 1968 εἰσενηνεγμένας·
320 1880 450 1986 [κατα
417 1906 503 1949 τοσον
520 1886 571 1947 καλ
582 1883 694 1970 τοσον]
715 1877 791 1947 6666
804 1891 875 1946 ποῖα
889 1887 1003 1964 ψηφίσ-

65 1991 139 2045 ματος
157 1971 272 2054 [ταυτί]
295 1993 401 2044 ταυτας
412 1967 590 2071 εἰληφασι
561 1993 655 2045 τνες;
668 1972 721 2070 [οι
720 1969 771 2031 καλ
787 1973 879 2030 ταύτα
894 1979 1003 2069 μαρτν-
1062 1975 1065 2004 '

65 2047 225 2154 μύσαντες]
242 2047 461 2132 σκέψασθαι’
430 2079 466 2116 τα
482 2056 675 2152 ψηφίσματα,
694 2045 726 2115 τὸ
741 2056 858 2131 πλῆθος
871 2057 931 2116 τῶν
948 2055 1003 2115 εἰσ·
1023 2065 1046 2132 3Ἰ

65 2134 167 2216 φορῶν,
193 2130 231 2200 66
250 2139 487 2242 εἰσενηνεγμένμ,
512 2135 580 2212 τούς
602 2132 763 2238 λαβόγτας,
785 2137 836 2198 καὶ
857 2138 933 2200 εἶ’
902 2163 956 2219 μεν
972 2125 1005 2200 εύ
1063 2175 1067 2183 ·

64 2241 126 2283 τε..
141 2267 168 2302 .,
191 2225 234 2308 τῷ
252 2219 334 2332 λόγῳ
355 2221 525 2326 πιστεύειν
544 2224 572 2284 εέ
590 2221 621 2284 66
642 2245 699 2302 μη,
725 2224 782 2282 νύν
778 2224 1007 2322 παρασχέσθαι

64 2284 272 2470 fflfvffigssgg
280 2331 308 2368 τι
314 2287 466 2385 ψεῦδος
447 2326 485 2386 ην
501 2295 542 2369 αἰν
558 2299 786 2388 ἐλογισάμην’
751 2312 860 2381 αυτοῖς.
896 2313 1005 2389 Dionys.

125 2559 226 2610 XVIII.
261 2559 364 2611 ΠΡΟΣ
383 2557 563 2611 ΛΤΣΙΒΙΟΝ
585 2558 678 2611 ΠΕΡΙ
699 2559 930 2612 EIIIKAHPOT.

114 2667 154 2721 24
186 2660 318 2720 Τοιαῦτα
328 2643 476 2737 μέντοι
441 2679 522 2719 ουτοι
533 2656 547 2718 ἐ
547 2658 634 2743 πλτῷ
644 2661 785 2721 τεθνεῶτι
796 2661 1005 2726 σκενοποιούν-

63 2758 107 2810 τες.
138 2746 235 2804 Pollux
251 2748 274 2804 X
291 2747 308 2818 S
324 2756 365 2807 15

115 2835 155 2890 65.
181 2819 357 2926 Ἠγούμεθα
381 2818 436 2906 γεἰρ
457 2823 555 2922 ἐκείνη
573 2818 684 2905 μέν’
655 2849 705 2887 τον
733 2819 878 2924 ἐγγυτάτω
904 2825 1005 2904 γε’νους
1119 2817 1128 2829 ’

64 2902 114 2965 δεῖν
128 2917 293 2982 συνοικεῖν
314 2935 349 2970 τα
337 2901 399 2972 ’δὲ
415 2903 548 2989 χρήματα
561 2910 631 2984 τέοος
648 2909 701 3009 μὲν
722 2911 774 2986 τῆς
792 2902 950 2989 ἐπικλήρου
964 2903 1005 2970 εἷ-

64 3009 117 3066 ναι,
137 2987 255 3054 ἐπειδᾶν
275 2992 307 3055 66
328 2995 430 3067 παῖδες
444 2992 492 3056 ἐπὶ
509 2994 598 3069 δίετες
613 2985 780 3073 ἡβήσαοσιν,
803 2990 933 3066 ἐκείνους
952 2983 1005 3053 αύ-

64 3074 251 3180 τῶνκρατεῖν.
281 3083 355 3140 Suid.
370 3101 394 3137 v.
409 3077 533 3159 6661
548 3090 573 3142 2.
591 3100 617 3157 p.
635 3089 693 3142 104.
711 3081 819 3156 Bernh.)
834 3081 896 3140 coll.
913 3082 1007 3139 eodem

65 3158 169 3222 Suidav.
184 3155 347 3241 ἡβήσαντες
363 3161 390 3240 (Ι.
405 3173 422 3225 λ
436 3185 463 3241 p
477 3174 529 3228 802
540 3166 601 3242 sq..)

311 3315 385 3366 XIX.
420 3304 522 3366 ΠΡΟΣ
545 3314 746 3367 ΟΡῙῈΩΝΑΣ.

117 3423 157 3477 26.
194 3408 265 3492 μήτε
281 3416 455 3475 παλίνσκιον
469 3413 625 3494 γίγνεσθαι
642 3407 674 3476 τό
691 3415 807 3494 χωρίον.
837 3419 965 3493 Ηεεροοε.
982 3435 1005 3473 v.

64 3496 224 3558 6666606
239 3502 276 3579 (p.
295 3509 353 3565 143.
370 3503 470 3579 Bekk.).

1071 106 1078 139 I

1078 154 1086 183 I

1133 287 1140 302 ι

1133 329 1143 360 N

1186 382 1189 393 ε

1171 404 1199 564 N

1168 433 1176 453 ἰ

1197 659 1199 666 ι
