2466 3914
232 233 273 314 ‘36
644 243 773 295 umor
1097 241 1149 293 On.
1168 241 1190 292 τ.

232 446 301 506 ται,
326 415 403 496 τούς
422 413 678 496 ἐπιεικεστάτους
694 419 761 485 των
778 417 921 484 πολιτοῖν
943 416 998 482 καὶ
1016 410 1102 494 τούς
1114 408 1191 502 ἡμῖν

113 539 116 552 ·
233 514 502 604 γνωριμωτάτους
534 517 667 596 ἕκαστος
697 510 791 603 ήμῶν
822 521 1008 605 παρακαλεῖ
1038 511 1190 602 μάλιστα,

182 630 214 683 21
233 618 287 686 καί
305 613 345 685 ού
363 612 447 705 μεθ”
462 612 534 694 ἕνός
551 611 633 684 ούδέ
649 612 729 704 μετά
750 620 867 703 δυοῖν,
892 609 965 683 ἀλλ’
986 609 1032 694 ὡς
1051 608 1096 683 άν
1115 611 1191 702 μετά

234 723 396 786 πλείστων
415 713 593 802 δυνάμεθα
615 712 673 794 τάς
696 719 915 805 ἐκμαρτυρίας
938 712 1060 794 πάντες
1079 713 1190 784 ποιού

234 828 336 905 μεθα,
363 821 420 885 ίνα
441 817 489 907 τῷ
509 842 544 882 τε
567 813 847 905 ἐκμαρτυρήσαντι
869 812 914 904 μή
939 809 1075 902 ἐξείη
1048 834 1191 903 υστερον

235 906 358 1008 ἐξάρνῳ
374 885 578 1003 γενέάδαι
543 938 603 1002 την
613 922 810 1032 μαρτυρίαν,
826 910 922 1003 ὑμεῖς
939 919 975 984 ’τε
988 921 1128 993 πολλοῖς
1140 917 1190 982 καί

233 1025 344 1095 καλοῖς
356 1011 515 1102 κάγαθοίς
524 1018 630 1083 ταῦτα
639 1017 842 1137 μαρτυροῦσι
854 1013 1042 1084 πιστεύοιτε
1055 1017 1188 1103 μᾶλλον.

183 1135 215 1182 22
232 1118 395 1201 Ξενοκλῆς
416 1122 530 1184 τοίνυν
547 1113 673 1201 Βήσαζε
690 1116 751 1238 μέγ
770 1111 885 1184 ίωνί
854 1141 869 1183 ε
884 1143 900 1194 ς
916 1143 954 1184 το
942 1112 1190 1205 ἐργαστήριον

153 1207 163 1218 ’
233 1242 270 1283 τυ
259 1210 444 1338 ήμέτερον
461 1221 507 1294 είς
524 1211 564 1282 τά
582 1221 676 1305 ἔργα,
700 1211 761 1304 ούχ
784 1210 928 1302 ἡγήσατο
948 1220 1022 1284 δεῖν
1039 1231 1112 1294 τοῖς
1131 1211 1189 1283 άπὸ

232 1317 295 1383 τού
309 1310 493 1403 αὐτομάτου
513 1317 581 1384 ἐκεῖ
595 1318 769 1435 ἐντυχοῦσι
791 1313 932 1405 μάρτυσι
950 1317 1099 1438 χρῆσθαι
1119 1318 1190 1434 περὶ

232 1417 289 1500 τῆς
308 1418 482 1504 ἐξαγωγῆς,
501 1410 574 1483 ἀλλ’
586 1403 667 1501 ήκεν
679 1419 763 1503 ἔχων
774 1417 914 1484 ἐνδένδε
926 1413 1190 1503 Διόφαντοντόν

233 1512 404 1602 Σφήττιον
419 1511 526 1602 μεθ”
510 1517 641 1600 εαυτού,
659 1509 694 1594 ἐς
713 1521 804 1602 ἐλεγε
820 1512 882 1602 τήν
901 1518 1000 1603 δίκην
1016 1509 1108 1606 ύπέρ
1120 1513 1189 1584 τού-

232 1640 308 1702 του,
327 1616 382 1682 ιιαλ
399 1613 582 1703 Δωρόθεον
598 1611 657 1683 τὸν
675 1610 876 1684 Ἐλευσίνιον
893 1613 1000 1685 καὶ
966 1643 1025 1685 τον
1042 1611 1189 1702 άδελφόν

234 1708 338 1782 αὐτοῦ
349 1711 514 1802 Φιλοχάρη
526 1714 580 1782 καὶ
593 1711 712 1793 ἄλλους
730 1711 869 1795 πολλούς
886 1713 1069 1806 μάρτυρας,
1090 1739 1189 1802 παρα-

233 1810 396 1899 κεκληκώς
415 1815 553 1882 ἐνθένδε
571 1819 727 1894 σταδίους
740 1811 836 1904 ἐγγύς
848 1825 1057 1904 τριακοσίους
1073 1819 1187 1884 ἐκεῖσε·

182 1925 215 1976 23
232 1914 307 2000 περὶ
326 1913 363 1982 δέ
379 1916 436 2000 τής
455 1911 573 2000 ἐγγύης
590 1916 648 2000 τῆς
666 1911 771 2002 τήθης
792 1918 860 1984 των
877 1921 1010 1986 παίδων
1027 1918 1100 1986 τοῖν
1120 1918 1187 1985 ἐαυ-

232 2014 294 2080 τού
316 2015 352 2081 ἐν
368 2015 415 2103 τῷ
430 2009 521 2080 άστει
546 2015 766 2103 ἐκμαρτυρίαν
790 2011 849 2103 (ὥς
872 2016 969 2105 φησι)
993 2014 1187 2104 ποιούμενος
1227 2069 1228 2072 ι

230 2114 300 2180 των
320 2112 381 2199 μὲν
404 2117 535 2183 οίκείων
552 2109 676 2182 ούδένα
697 2116 764 2183 τείν
789 2115 910 2184 ἑαυτοῦ
932 2112 1188 2206 παρακεκληκώς

232 2217 401 2296 φαίνεται,
420 2210 602 2283 Διονύσιον
618 2213 657 2281 δέ
672 2209 797 2302 Ἐρχιέα
814 2217 869 2284 καὶ
884 2211 1117 2305 Ἀριστάλοχον
1136 2223 1187 2285 Ac·
1226 2247 1227 2270 ι

231 2313 390 2395 θαλίδην·
416 2307 496 2397 μετά
515 2317 610 2380 δυοῖν
627 2311 758 2382 τούτοιν
782 2317 818 2385 ἐν
834 2342 880 2383 τω
898 2313 989 2385 άστει
1007 2312 1119 2387 αύτού
1134 2312 1188 2442 τήν

233 2407 452 2526 ἐκμαρτυρίαν
475 2407 679 2496 ποιήσασθαί
699 2435 802 2500 φασιν
828 2443 928 2484 ουτοι.
962 2421 1106 2487 τοιαῦτα
1133 2418 1187 2504 μὲν
1225 2455 1226 2468 1

231 2500 270 2571 τά
292 2503 434 2575 τούτων·
469 2504 518 2587 οἷς
545 2505 664 2577 ούδ’”
644 2539 686 2580 αν
709 2509 828 2634 περλ“
812 2519 954 2586 οτουούν
982 2515 1187 2588 πιστεύσειεν

182 2625 215 2674 24
231 2599 337 2708 ἅέήως
359 2601 479 2685 θῦὃδίς
523 2617 601 2687 ἴσως
628 2637 691 2699 γαρ
714 2603 758 2699 ήν
784 2611 827 2701 νή
840 2613 919 2686 Δία
942 2615 1115 2740 πάρεργον
1138 2646 1186 2686 και
1224 2639 1225 2672 ι

232 2677 378 2789 φάύλον,
402 2696 541 2794 περί
499 2733 539 2774 ου
562 2705 622 2794 τήν
646 2709 880 2833 ἐκμαρτυρίαν
889 2715 980 2806 παρά
1000 2721 1071 2787 τού·
1082 2729 1186 2806 Πυρε

231 2805 327 2869 τίδου
350 2805 432 2889 φασί
455 2803 656 2891 ποιήσασθαι
679 2801 785 2899 οὗτοι,
813 2809 898 2884 ωστε
926 2812 1031 2887 ούδέυ
1059 2830 1185 2906 θαυμα
1223 2843 1224 2901 η

232 2897 310 2967 στόν
338 2897 629 2992 ὀλιγωρηθήναι
606 2931 648 3030 ην
669 2907 705 2979 τὸ
717 2915 870 3030 πρᾶγμα.
909 2918 964 2984 καὶ
988 2943 1081 3004 πως;
1110 2913 1186 2986 ’ωστε

232 2995 362 3086 περὶ’
320 3003 424 3068 αυτοῦ
439 3001 557 3073 τούτου
574 3001 591 3075 ὁ
605 3003 696 3094 άγων
708 3000 750 3097 ήν
762 3006 780 3081 ὁ
792 3038 859 3083 των
876 3020 1184 3137 ψευδομαρτυριαν,

231 3091 271 3164 δν
292 3103 454 3220 Ξενοκλης
480 3102 685 3193 ἐφευγεν,’“
664 3136 686 3194 η
709 3107 741 3191 ἐξ
766 3109 946 3202 ἑταίρας’1
925 3143 946 3202 η
971 3119 1003 3198 ἐξ
1030 3119 1185 3240 ἐγγυητής

231 3191 292 3280 τήν
311 3197 433 3265 ἕαυτού
454 3219 597 3285 γυναῖκα
622 3205 714 3276 ειναι
749 3207 818 3279 εἶτα
843 3216 938 3282 ἐπλτ
919 3213 1048 3304 ταύτην
1070 3213 1113 3287 άν
1130 3215 1185 3303 τήν

230 3303 470 3384 flamma&
455 3291 527 3368 δέ
505 3329 547 3388 ην
570 3300 711 3393 ἀληθής,
736 3305 798 3378 ούκ
819 3304 862 3382 άν
879 3311 1029 3396 ἅπαντας
1048 3315 1127 3398 τούς
1143 3323 1183 3384 αι’-

180 3409 213 3460 25
231 3399 339 3473 κείους
356 3393 432 3476 τούς
446 3399 567 3471 ἕαυτού
583 3414 820 3491 παρακαλεῖν’
803 3429 927 3495 εκειυος
944 3411 1107 3502 ήξίωσενς
1134 3417 1182 3486 ναὶ

231 3520 275 3576 μα
263 3489 410 3581 Aia‚‘
386 3523 430 3576 ως
443 3499 589 3650 ἐγωγε”
562 3531 665 3592 ωμην,
686 3515 718 3573 εί
730 3535 769 3592 γε
786 3500 828 3595 ήν
846 3510 1021 3602 άληθές
984 3545 1024 3616 το
1044 3521 1182 3608 πρᾶγμα.
