2466 3914
225 215 266 276 20
640 207 768 260 ῙΣΑΙΟΤ
1082 209 1135 259 On.
1155 209 1180 259 2.

224 388 370 468 ποίησις,
389 382 444 451 καὶ
461 376 523 451 οὐκ
540 387 629 450 ἔστιν
643 383 789 461 ίπίδικος
805 377 823 450 5
841 383 958 470 κλῆρος
974 377 992 450 5
1010 381 1182 452 Μενεκλέ-

224 508 282 562 ους
299 477 393 562 ὄντος
412 484 493 569 ἐμοῦ
507 484 586 550 υίοῦ
609 483 752 569 ἐκείνου,
770 477 845 551 ἄλλ’
869 477 887 552 5
903 480 1027 572 μάρτυς
1046 487 1182 569 διεμαρ-

224 580 345 671 τόρησε
362 577 499 670 τάληθῆ.
543 583 657 669 δέομαι
680 577 713 650 δ’
731 577 828 670 ἡμῶν
844 576 999 651 ἁπάντων
1017 584 1072 651 καὶ
1090 577 1182 651 όντι·

224 685 314 770 βαλεῖ
330 685 386 751 καὶ
399 679 534 751 ἱκετεύω
544 677 616 770 μετ’
635 677 766 762 εὐνοίας
782 678 1006 771 όποδίχεσθαί
1020 710 1084 771 μου
1101 679 1183 762 τους

224 781 351 871 λόγους.

190 896 207 948 3
298 879 485 971 Ἐπιόνυμος
495 879 558 972 γὰρ
576 877 595 952 5
610 878 801 972 Ἀχαρνεύς,
820 877 838 952 5
857 878 994 972 πατὴρό
1012 878 1183 973 ἡμέτερος,

224 973 252 1053 5
274 980 410 1072 ἄνδρες,
435 990 531 1071 φίλος
559 972 604 1070 ἡν
632 985 687 1052 καί
711 982 891 1072 ἐπιτήδειος
915 992 1099 1071 Μενεκλεῖ,
1123 986 1183 1053 καὶ

224 1087 338 1173 ἐχρῆτο
355 1090 499 1164 οἰκείως·
516 1073 600 1174 ἦμεν
618 1084 655 1153 δὲ
672 1078 764 1178 αὐτῷ
779 1089 895 1165 παῖδες
905 1085 1056 1173 τέτταρες
1072 1079 1182 1174 ἡμεῖς,

225 1183 287 1254 δύο
303 1185 365 1273 μὲν
382 1190 483 1272 υίεῖς,
509 1181 571 1254 δόο
589 1185 627 1254 δὲ
643 1187 832 1274 θυγατέρες.
868 1182 1123 1273 τελευτήσαντος
1145 1186 1184 1254 δὲ

222 1288 284 1354 τοῦ
300 1282 422 1374 πατρός
441 1288 616 1374 ἐκδίδομεν
632 1279 726 1374 ἡμεῖς
749 1282 810 1374 τὴν
833 1287 1060 1376 πρεσβυτέραν
1083 1281 1183 1355 όδελ-

224 1384 308 1474 φὴν,
335 1382 449 1474 ίπειδὴ
473 1385 561 1474 εἶχεν
589 1381 696 1476 ὥραν,
720 1383 938 1478 Λευκυλόφφ,
968 1403 1088 1476 προῖκα
1112 1389 1184 1456 ἐπι-

190 1503 208 1550 4
226 1485 339 1566 δόντες
363 1479 466 1556 είκοσί
489 1487 580 1574 μνᾶς.
616 1489 671 1555 καὶ
688 1481 747 1554 ἀπ’
767 1489 897 1556 ἐκείνου
914 1489 975 1557 τοῦ
990 1483 1112 1577 χρόνου
1131 1513 1184 1556 τε·

224 1584 331 1679 τάρτφ
355 1593 420 1656 ἔτει
442 1581 463 1673 ἡ
487 1588 621 1679 πέμπτῳ
643 1583 824 1677 όστερανὴ
845 1614 881 1657 τε
903 1582 1032 1677 ἆδελφὴ
1054 1581 1138 1677 ἡμῖν
1163 1584 1184 1675 ἡ

224 1689 368 1777 νεωτέρα
391 1683 510 1776 σχεδόν
533 1681 665 1780 ἡλικίαν
689 1686 777 1776 εἶχεν
799 1682 897 1775 ἀνδρὶ
921 1691 1184 1776 συνοικεῖν,καῖ

224 1790 272 1880 τῷ
284 1796 452 1858 Μενεκλεῖ
467 1781 489 1875 ἡ
505 1784 592 1876 γυνὴ
608 1783 798 1878 τελευτηῖἡν
816 1785 1060 1880 εἶχεπρότερον.
1093 1791 1183 1858 ἐπει·

227 1885 268 1976 δὴ
285 1878 348 1959 οὖν
366 1891 476 1978 ἐκείνη
498 1884 539 1957 τό
559 1884 754 1976 νομιζόμενα
777 1891 930 1977 ἐποίησεν
951 1884 970 1958 5
993 1893 1183 1977 Μενεκλῆς,

225 1986 296 2078 ᾔτει
306 1987 368 2078 τὴν
379 1984 528 2077 ἄδελφὴν
539 1982 640 2078 ἡμᾶς,
657 1983 917 2077 ὑπομιμνήσκων
932 1987 994 2077 τήν
1009 2017 1046 2059 τε
1062 1998 1184 2078 φιλίαν

225 2087 287 2178 τὴν
303 2092 364 2160 τοῦ
380 2087 500 2180 πατρός
518 2091 573 2158 καὶ
593 2091 724 2176 ἑαυτοῦ,
743 2082 855 2168 καλός
873 2087 952 2178 πρός
963 2085 1046 2179 ἡμᾶς
1058 2086 1184 2170 αὐτοὺς
1223 2097 1224 2171 λ

190 2180 267 2277 δῆν
292 2195 512 2279 διακείμενος·
543 2192 598 2259 καί
620 2184 713 2278 ἡμεῖς
737 2187 859 2270 είδότες
882 2184 932 2258 ότι
955 2192 1009 2258 καὶ
1030 2185 1048 2260 5
1071 2188 1184 2280 πατὴρ

226 2285 341 2359 οὐδενὶ
369 2285 412 2358 όιν
441 2295 566 2360 ἔδωκεν
587 2285 685 2377 ἥδιον
708 2283 730 2376 ἡ
755 2293 886 2380 ἐκείνην,
915 2295 1054 2379 δίδομεν
1076 2286 1184 2384 αὐτῷ,

226 2386 288 2459 οὐκ
309 2386 483 2478 ἄπροικον,
508 2384 552 2469 ὥς
576 2378 672 2469 οὗτος
695 2390 785 2476 λέγει
810 2387 979 2478 ἑκάστοτε,
1009 2386 1092 2459 ἀλλὰ
1120 2390 1184 2478 τὴν

227 2499 303 2578 ίσην
314 2504 435 2579 προῖκα
448 2487 616 2568 ἐπιδόντες
628 2485 733 2577 ἥνπερ
750 2491 805 2557 καὶ
816 2493 859 2580 τῇ
868 2493 1074 2581 πρεσβυτέρᾳ
1083 2486 1184 2560 ἆδελ·

226 2592 277 2680 φῇ
299 2592 471 2678 ἐπίδυμεν·
500 2591 555 2658 καὶ
580 2591 615 2658 ἐκ
636 2589 698 2657 τοῦ
715 2586 839 2680 τρόπου
862 2587 996 2680 τούτου,
1021 2588 1185 2682 πρότερον

226 2689 317 2772 ὄντες
335 2687 442 2760 αὐτοῦ
458 2697 566 2779 φίλοι,
584 2691 784 2777 κατέστημεν
801 2696 925 2772 οἰκεῖοι.
961 2693 1027 2760 Καὶ
1045 2685 1090 2772 οός
1108 2697 1185 2761 ἔλα-

226 2799 286 2879 βεν
311 2801 415 2861 είκοσι
436 2791 519 2879 μνᾶς
535 2784 554 2860 5
571 2793 745 2878 Μενεκλῆς
770 2792 822 2859 ἐπὶ
845 2793 887 2880 τῇ
902 2786 1033 2881 ἀδελφῇ
1048 2807 1183 2881 προῖκα,

133 2927 142 2948 ·
225 2891 287 2979 τὴν
314 2897 498 2982 μαρτυρίαν
525 2888 649 2978 ταύτην
675 2891 806 2979 πρῶτον
832 2889 991 2980 βούλομαι
1020 2897 1184 2982 παρασχί-

226 3004 316 3062 σθαι.
1048 3023 1052 3032 ·

603 3154 800 3208 ΜΑΡΤΤΡΙΑ.

191 3298 210 3369 ’6
298 3293 466 3376 Ἐκδόυτες
477 3302 592 3366 τοίνυν
608 3291 837 3383 τόςόδελφόις,
856 3285 884 3364 ὦ
900 3291 1034 3386 ἄνδρες,
1053 3299 1110 3368 καὶ
1129 3295 1183 3368 όν-
1218 3341 1219 3352 1

226 3425 279 3479 τες
297 3394 390 3466 αὐτοὶ
409 3400 445 3467 ἐν
461 3391 572 3487 ἡλικίᾳ
591 3398 642 3465 ἐπὶ
659 3390 696 3465 τό
708 3391 947 3486 στρατεύεσθαι
959 3395 1181 3487 ἐτραπόμεθα,

226 3501 281 3569 ’καί
298 3494 553 3586 ἀπεδημήσαμεν
570 3493 649 3585 μετὰ
663 3492 864 3584 Ἰφικράτους
882 3502 928 3577 είς
945 3495 1095 3590 Θρᾴκην·
1114 3502 1186 3568 ἐκεῖ
