2466 3914
81 243 102 286 Ρ·
118 225 155 274 ⁴5.
273 224 362 274 ΠΕΡΙ
379 223 455 275 ΤΟΤ
471 223 627 274 n‘rPPOT
642 223 805 275 ΚΛΗΡΟΤ.
979 231 1019 290 47

78 392 190 476 αύτούς
205 402 341 484 ἐρεσθε,
366 406 399 466 ελ
416 425 465 476 τις
487 398 555 465 τῶν
577 403 724 483 γνησίων
745 391 936 466 τοῖναάτοῦ
952 400 1019 465 ἐκι-

78 494 257 579 δικάζεσθαι
279 493 370 579 άξιοί.
414 501 518 565 ταῦτα
539 493 621 585 πρὸς
642 492 892 583 τήνιάναδδειαν
909 491 1019 568 αύτῶν

76 590 292 680 ιιυνθήνεσθε.
320 591 364 676 ὦς
378 593 412 665 δ’
423 587 466 684 ήη
479 599 623 676 ἐττίδικος
633 592 654 684 ή
666 594 765 684 γυνή,
785 605 819 666 εί
826 621 888 683 περ
899 605 1018 683 γνησία

74 705 321 785 καταλειφθείη,
344 700 463 766 ἐκτῶν
474 695 591 785 ,νόμον
606 700 795 784 ’σαφέστατα
810 707 934 786 μαθείν
952 703 1020 766 ἐστι

72 801 168 866 τούτο.
212 792 232 866 ὁ
260 794 323 887 γάρ
343 795 450 886 Δνύμος
480 795 663 887 διαρρήδην
684 799 771 884 λε’γει
801 800 919 880 ἐξεῖναι
950 801 1019 865 δια·
1036 823 1070 874 68

72 899 185 966 θέσθαι
203 894 295 982 ὄντας
317 891 359 969 άν
377 901 476 986 ἐθέλη
493 926 542 977 τις
557 895 599 966 τά
616 892 735 984 αύτού,
761 894 818 968 ἐάν
834 894 879 986 μή
897 902 1018 977 παῖδας

72 1006 220 1084 γνησίους
236 1006 399 1088 καταλίπῃ
411 995 566 1088 ἄρρενας·
593 994 635 1066 ἂν
648 999 833 1085 δὲθηλείας
843 1004 1019 1086 καταλίκη,

72 1095 127 1168 σύν
143 1097 287 1179 ταύταις.
321 1095 445 1168 ούκυύν
461 1095 542 1188 μετά
558 1100 625 1167 τάν
642 1101 837 1188 θυγατέρων
855 1105 923 1168 ἔστι
941 1099 1018 1168 δαΐα

68 1213 118 1266 ’ναι
134 1201 189 1268 καὶ
214 1201 394 1270 διαθέσθαι
417 1196 456 1269 τά
473 1193 592 1270 αὑτοῦ·
618 1195 699 1268 α”νευ
723 1199 760 1270 δὲ
782 1201 849 1268 ταῖν
871 1204 1018 1285 γνησίων

70 1295 336 1390 θυγατέρωνόύχ
352 1295 425 1370 οίάυ
441 1326 477 1368 τε
494 1296 570 1368 οὔτε
588 1296 789 1386 ποιήσασθαι
806 1295 883 1368 ούτε
901 1301 1018 1368 δοῦναι

71 1396 174 1469 οὐδενί
197 1397 302 1470 οὐδὲν
323 1404 391 1470 τῶν
415 1403 542 1470 ἑαυτοῦ.
586 1396 711 1469 ούκούν
734 1406 765 1468 εί
785 1400 852 1488 μέν·
862 1395 945 1472 ἄνευ
961 1403 1019 1486 τῆς
1035 1424 1069 1476 69

70 1508 197 1586 γνησίας
219 1498 389 1588 θυγατρὸς
405 1496 464 1570 τὸν
475 1498 762 1590 ἝνδιοννΠάρρος
787 1503 925 1570 ἐποιεῖτο
941 1497 1017 1570 υίδν

71 1595 165 1693 αύτῷ,
190 1599 315 1691 ἄκυρος
338 1595 380 1670 άν
402 1591 445 1689 ήν
467 1597 572 1670 αύτού
592 1595 614 1688 ή
637 1603 767 1688 ποίησις
791 1597 874 1672 κατά
888 1596 946 1670 τὸν
963 1599 1016 1671 νό-

71 1720 137 1785 μον
166 1709 198 1771 εί
215 1703 254 1772 δὲ
271 1698 332 1788 τήν
348 1705 516 1791 θυγατέρα
534 1705 648 1772 ἐδίδου
665 1703 720 1771 καὶ
733 1703 785 1771 ἐτιί
802 1699 908 1792 τούτῳ
926 1726 1016 1788 σοιη-

70 1799 198 1888 σάμενος
219 1805 389 1890 κατέλιπε,
412 1805 481 1883 ιτοὸς
497 1797 540 1871 άν
555 1797 650 1890 ύμείς
673 1801 678 1887 λ
703 1804 898 1888 ἐπετρέψατε
915 1803 1018 1872 ἐιιιδι-
1145 1819 1147 1826 “

71 1899 216 1984 λάξεσθαι
237 1905 285 1994 τῷ
306 1905 367 1972 τού
382 1901 522 1992 Πύρρου
539 1905 630 1993 θετρὶ
655 1905 716 1974 τού
732 1900 871 1991 Πύρρου
894 1897 1017 1989 κλήρου

70 1997 141 2070 άνευ
157 2006 217 2091 τής
232 2010 371 2091 γνησίας
387 2001 570 2093 θυγατρός,
598 2009 630 2072 εί
644 1992 687 2088 ήν
705 2005 836 2093 ἐκείνῳ,
860 1999 965 2080 άλλως
982 2028 1017 2070 τε

72 2107 96 2168 εί
114 2105 168 2174 καὶ
192 2100 438 2194 ἐμαρτυρήσατε
462 2096 506 2182 ὥς
530 2103 713 2188 ἐπέσκηψεν
735 2097 818 2190 ύμῖν
839 2097 857 2171 ὁ
881 2098 1016 2190 άδελφι·

72 2205 141 2283 δούς
158 2207 387 2294 ἐπιμελεῖσθαι
402 2201 523 2273 τούτου
533 2205 595 2270 τού
604 2206 756 2288 καιδίου;
781 2198 854 2272 ἀλλ’
868 2192 895 2271 ά
909 2198 1015 2291 ’γαθεζ
1034 2230 1067 2280 70

71 2306 155 2373 τοῦτο
172 2305 235 2394 μὲν
252 2307 308 2373 καί
325 2313 443 2373 λαθελν
460 2297 596 2392 φήσαιτ’
609 2295 652 2370 άν
667 2297 767 2391 ύμάς·
794 2299 849 2373 ὅτε
861 2299 893 2372 δ’
908 2299 1016 2391 ήγγύα

72 2404 117 2470 καὶ
134 2407 282 2488 ἐξεδίδου
298 2400 454 2484 δ”Ενδιος
470 2401 531 2491 τήν
546 2418 700 2492 γυναῖκα,
719 2406 910 2493 ἐτετρέιτετε
920 2399 1015 2492 ὑμεῖς

72 2507 99 2568 οί
111 2515 196 2574 θελοι
219 2503 282 2593 τήν
304 2509 365 2575 τού
380 2500 562 2592 ἀδελφιδοῦ
581 2506 643 2573 τού
658 2498 819 2595 ὑμετέρου
842 2499 953 2574 αύτοὶν
971 2500 1015 2587 ὥς
1045 2519 1047 2526 ’

73 2605 98 2683 εξ
120 2607 250 2695 ἑταίρας
272 2595 377 2676 οὖσαν
400 2608 514 2698 ἐκείνφ
539 2608 737 2693 ἐγγυᾶσθαι,
766 2602 872 2686 άλλως
899 2633 936 2674 τε
959 2607 1015 2674 καὶ

73 2710 307 2793 παραγενέσθαι
334 2703 531 2794 φάσκοντες,
564 2701 619 2775 ὅτε
647 2700 665 2773 ὁ
694 2701 894 2794 ἀδελφιδοῦς
920 2701 1016 2793 Ιύμιύν
1055 2713 1058 2718 ’

73 2797 207 2891 ἠγγυᾶτο
228 2804 290 2895 τήν
311 2809 433 2895 μητέρα
455 2803 517 2894 τήν
545 2803 666 2893 ταύτης
688 2803 770 2876 κατά
792 2802 869 2886 τούς
893 2803 1016 2894 νόμους

75 2905 147 2986 ἕξειν
169 2924 329 2996 γυναῖκα,
358 2915 405 2978 ἐτι
429 2907 467 2976 δὲ
491 2909 604 2976 καδέν
626 2909 668 2996 τῇ
692 2905 810 2996 δεκάτη
832 2909 875 2996 τή
895 2904 1016 2994 ταύτης

74 3011 239 3093 κληθέντες
256 3010 507 3092 συνεστιάσθαι;
534 3003 615 3096 πρὸς
634 3007 670 3076 δὲ
686 3006 813 3088 τούτοις
832 3007 937 3097 (τουτὶ
953 3005 1016 3097 γάρ
1034 3022 1064 3072 71

75 3102 103 3173 τὸ
119 3108 227 3180 δεινόν
246 3108 347 3198 ἐστιν)
367 3111 543 3196 ἐπισκῆψαι
561 3105 743 3196 φάσκοντες
756 3103 837 3197 ὑμίν
854 3105 1015 3179 τὸνάδελ-

74 3213 185 3289 φιδούν
202 3215 426 3299 ἐπιμελεῖσθαι
444 3206 563 3279 τούτου
579 3211 641 3278 τού
651 3213 803 3297 παιδίου,
822 3205 926 3289 ούτως
945 3212 1015 3278 ε’τιε-

74 3307 225 3398 μελήθητε
243 3307 321 3381 ὥστ’
341 3311 434 3382 ἐάσαι
451 3304 495 3390 άς
517 3313 549 3392 ἐξ
568 3312 698 3398 ἑταίρας
719 3297 825 3379 ούσαν
842 3305 947 3396 αύτήν
965 3312 1015 3396 ἐγ·

75 3410 217 3500 γυάσθαι,
235 3409 342 3492 άλλως
353 3439 389 3481 τε
401 3413 456 3480 καὶ
468 3409 609 3498 ἔχουσαν
625 3406 770 3498 τοῦνομα
786 3413 844 3497 τῆς
856 3405 1014 3500 ὑμετέρας

76 3501 175 3583 αὐτῶν
189 3509 352 3601 άδελφής,
372 3507 415 3591 ὥς
434 3514 660 3601 ἐμαρτυρεῑτες
