2460 3918
286 782 779 864 ΑΠΟΣΠΑΣΜΑΤΙΑ.

457 957 608 970 -t-——u

89 1077 115 1129 Ι.
151 1077 253 1130 ΠΡΟΣ
269 1073 567 1128 ΔΡΙΣΤΟΓΕΓΓΟΝΔ
583 1075 648 1128 ΚΑΙ
664 1076 861 1134 ΔΡΧΙΠΠΟΝ
877 1079 970 1132 ΠΕΡΙ

258 1159 334 1211 ΤΟΤ
351 1158 622 1212 ΔΡΧΕΠΟΛΙΔΟΣ
639 1160 804 1212 ΚΛΗῙΡΟΤ.

115 1275 142 1325 l
175 1253 261 1323 Μετὰ
283 1254 395 1336 ταύτην
410 1262 513 1320 τοίνυν
532 1254 587 1336 τὴν
610 1252 769 1361 ἀπόκρισιν
785 1259 885 1344 ἒτίραν
902 1257 1011 1342 διαθῇ.

44 1367 107 1422 κην
122 1337 315 1423 ἕκόμισαν,“
296 1366 336 1422 ην
349 1343 464 1420 ἔφασαν
475 1335 646 1425 Ἀρχλπολιν
661 1343 694 1406 ἐν
707 1340 823 1434 Λήμνῳ
841 1346 1010 1410 διαθέσθαι.
1106 1431 1109 1440 ¹

48 1434 122 1492 Suid
140 1453 163 1489 τ.
179 1425 340 1501 διαᾞεστςί
346 1451 384 1574 μὲ
395 1438 464 1494 1278
481 1441 549 1491 extr.
565 1443 593 1492 ει
607 1439 683 1496 1279
700 1435 797 1494 Bernh.

112 1525 136 1576 2.
168 1501 384 1590 Διαθηκῶνδὲ
396 1504 604 1590 τεττάρωνῦπ
620 1505 719 1576 αὐτῶν
731 1513 1010 1598 ἕσκευοποιημὲνων.

51 1601 145 1660 Pollux
159 1612 193 1664 10
208 1603 225 1676 S
242 1610 283 1663 15
1013 1615 1016 1628 ·

292 1767 330 1818 11.
365 1763 464 1818 ΚΑΤΑ
485 1765 761 1818 ΑΡΙΣΤΟΜΔΧΟΤ.

109 1881 136 1934 3.
167 1865 330 1928 Κατέλιπεν
357 1863 389 1925 ἕν
414 1867 456 1949 τῷ
478 1867 573 1950 χωρίῳ
596 1863 734 1952 γέροντας
755 1865 807 1928 καὶ
830 1859 1009 1950 ἀναπήρους.

45 1956 146 2014 Pollux
159 1963 176 2016 2
191 1956 209 2028 S
228 1961 270 2016 61.

89 2123 142 2176 111.
179 2120 281 2172 ΠΡΟΣ
298 2119 404 2190 ἸὈΤΣἸ
417 2119 594 2172 ΔΗΜΟΤΑΣ
607 2121 703 2172 ’ΠΕΡΙ
721 2120 797 2173 ΤΟΤ
814 2119 964 2173 ΧΩΡΙΟΤ.
991 2133 996 2140 ’

431 2229 621 2298 Ῥτιόδεσις.

109 2314 143 2374 0
158 2313 260 2382 Ἰσαῑος
273 2315 304 2374 ἒν
315 2313 526 2401 ἀμφισβητήσει
545 2321 650 2402 χωρίρυ
667 2321 719 2373 τοῦ
730 2312 787 2372 ἀπὸ
804 2320 860 2372 τῶν
878 2320 1009 2404 δημοτῶν

79 2384 319 2471 κατεσχημένου,ι
331 2385 375 2448 οἷς
396 2383 428 2440 τὸ
451 2387 554 2454 χωρίον
576 2383 722 2453 υπὲκειτο,
755 2381 844 2455 ταύτῃ
864 2405 1009 2456 γρωμενον

80 2452 191 2524 είσοίγει
207 2457 244 2524 τῇ
260 2449 342 2524 ἀργῇ.

108 2570 135 2622 4
171 2552 311 2619 Μάλιστα
329 2554 385 2634 μὲν
400 2542 625 2654 ἐβουλόμην,
603 2581 626 2618 ω
646 2546 752 2636 ἀνδρες
772 2557 909 2619 δικασταί
912 2600 921 2634 ,
930 2548 1008 2657 μηδ’

45 2637 90 2721 ἀφ
91 2632 182 2715 ’ἕνάς
197 2633 423 2740 660666666
382 2641 601 2741 τωνπολιτῶν,
618 2639 645 2702 εί
657 2637 740 2704 66'
699 2667 756 2722 μη,
771 2637 913 2704 τοιούτων
924 2631 1005 2702 ἀντι-
1031 2675 1035 2685 ,

45 2729 139 2788 δίκων
156 2731 255 2805 τυχεῖν
274 2715 347 2825 πρὸς
364 2718 416 2798 οὓς
433 2712 471 2784 66
486 2717 573 2786 ⁰666v
591 2667 764 2826 ἐφρόντῖζον
780 2718 999 2804 διαφερόμενος.

45 2815 104 2873 νῦν
125 2809 226 2890 δέμον
248 2805 369 2871 πάντων
388 2802 568 2910 πραγμάτων
589 2805 802 2918 λυπηρότατον
808 2808 1004 2911 συμβέβηκεν·

44 2884 260 2974 ἀδικοῦμαι
226 2917 282 2974 γαρ
297 2885 356 2956 ὑπὸ
378 2896 437 2956 τῶν
453 2891 658 2996 δημοτῶν,
628 2895 681 2970 ους
696 2894 839 2977 περιορᾶν
860 2887 949 2974 μλν’
931 2915 1004 2955 απο-

44 2979 224 3085 στεροῶντας
249 3000 285 3038 ον
313 2971 434 3062 ῥηίδιον,
462 2970 651 3080 ἀπέχθεσθαι
672 2978 705 3042 66
734 2953 857 3056 αηδίς,
867 2971 937 3079 μεθ’
963 3003 1006 3041 ων

44 3059 162 3166 ἀνάγκη
173 3061 224 3124 καί
236 3055 326 3124 θύειν
335 3040 388 3124 καλ
398 3066 555 3161 συνουσίας
566 3055 669 3138 κοινοῖς
681 3068 842 3125 ποιεῖσθαι.
862 3057 938 3143 πρὸς
950 3063 1005 3143 μὲν

44 3135 100 3212 οὖν
115 3139 242 3222 πολλοδς
261 3139 389 3248 χαλεπὸν
406 3137 583 3209 ἀντιδικεῖν·
611 3139 733 3228 μέγα
688 3171 754 3250 γαρ
772 3145 858 3228 μέρος
874 3146 1003 3250 666666

44 3239 125 3297 λεται
142 3256 175 3295 το
165 3227 306 3334 μλῆθος
321 3224 422 3303 αὐτοῖς
433 3229 506 3311 πρὸς
521 3254 553 3293 το
541 3225 664 3293 δοκεῖν
678 3223 781 3309 ἀληθῆ
797 3229 907 3311 λίγειν·
925 3254 1004 3332 ομως

45 3317 76 3382 66
98 3311 149 3380 διά
165 3310 198 3379 τὸ
222 3311 372 3380 πιστεύειν
388 3320 455 3417 τοῖς
463 3312 612 3416 πράγμασι
633 3319 750 3379 πολλῶν
765 3336 816 3394 μοι
830 3338 881 3376 και
871 3310 1002 3377 δυσκό-

44 3409 105 3467 λων
122 3397 353 3502 συμπιπτόντων
370 3391 423 3478 οὐχ
423 3390 573 3499 ἡγούμην
588 3402 650 3463 δεῖν
665 3404 845 3501 κατοκνῆσαι
864 3389 932 3462 δι’
918 3401 1004 3481 υμῶν

42 3491 207 3572 πειρᾶσθαι
223 3480 380 3567 τυγχάνειν
395 3485 456 3546 τῶν
472 3484 601 3547 δικαίων.
632 3468 783 3564 δέομαι
747 3507 802 3546 ουν
827 3475 914 3564 ἀμῶν
933 3505 1003 3566 σογ-
