2460 3918
47 237 80 286 p.
103 215 153 268 88.
290 219 381 268 Imm
398 217 475 269 Tor
492 216 632 270 ιυαιοω
649 218 813 272 ΚΛΗΡοω.
966 202 1026 288 1'45

45 383 153 456 ἁπλοῖ
176 385 244 478 γάρ
265 385 306 456 τά
331 395 444 457 δίκαια
466 387 675 460 παντάπασίν
704 394 770 460 ἐστι
800 393 856 460 καὶ
878 389 1029 482 γνιύριμα

45 500 207 576 μαθεῖν·
236 483 339 576 άέγώ
360 485 414 558 διά
431 491 582 579 βραχίων
609 487 711 560 είιιοδν
728 493 782 562 καί
800 495 1028 582 παρακαταθέ-

46 615 162 677 μενος
188 583 274 676 ύμῖν
299 587 536 678 μνημονεύειν,
564 593 616 659 ἐπὶ
641 587 822 679 τηνάλλην
847 587 1028 680 άιιολογίαν

46 687 124 776 ἤδη
159 691 324 780 τρέψομαι
355 692 423 758 τοῖν
449 695 751 780 κατηγορηθέντων.
798 698 834 760 τί
864 681 926 762 ούν
959 699 1027 762 ἔστι

46 793 184 877 ταῦτα,
205 791 262 858 καὶ
280 797 315 858 τί
331 795 528 879 διορίζομαι;
547 797 578 860 εί
586 791 649 879 μὲν
665 787 737 860 κατ’
756 787 944 880 ἀγχιστείαν
959 797 1027 862 τῶν
1044 797 1079 850 33

41 887 197 978 Ἀγνίου
214 896 366 978 μετεῖναί
376 910 468 977 φησι
484 893 533 983 τῷ
548 893 642 960 παιδί
659 895 720 960 τού
735 886 947 982 ἡμικληρίου,
971 902 1026 970 λα-

47 995 144 1080 χέτω
169 987 256 1080 πρὸς
281 987 340 1059 τὸν
357 987 522 1081 Ιἄρχοντα,
549 985 612 1060 κάν
629 985 724 1080 ὑμεῖς
741 999 950 1081 ψηφίσησθε,
970 1003 1026 1062 λα·
1118 1045 1121 1062 .

48 1095 162 1180 βέτω·
182 1094 289 1160 ταῦτα
305 1087 369 1181 γάρ
386 1096 422 1158 οί
434 1090 529 1180 νόμοι
546 1089 749 1160 κελεύουσιν.
782 1099 812 1160 εἰ
829 1093 866 1160 δὲ
883 1090 927 1181 μὴ
945 1091 1027 1162 κατά

47 1196 158 1263 τούτο
188 1187 406 1280 άμφισβητεῑ,
433 1193 516 1279 φησί
535 1192 572 1260 δὲ
587 1186 792 1280 ὁμολογῆσαί
813 1218 854 1280 με
870 1197 918 1284 τῷ
933 1197 1026 1262 ιιαιδὶ

50 1287 287 1382 μεταδώσειν,
313 1289 497 1379 φάσκοντος
515 1295 597 1381 ἐμοῦ
610 1290 738 1362 τούτων
756 1291 840 1361 εἶναι
856 1294 961 1381 μηδὲν
979 1300 1027 1363 δι-

53 1392 243 1480 κασάσθω,
271 1387 335 1462 κᾶν
353 1395 500 1481 ἐξελέγξῃ
517 1419 558 1481 με
575 1387 619 1472 ὦς
637 1387 848 1482 ύμολόγησα,
875 1389 942 1463 τότ’
961 1391 1025 1481 ἤδη

56 1492 265 1584 πραξάσθω·
311 1496 439 1562 δίκαιον
464 1490 527 1583 γάρ
554 1489 658 1573 ούτως
685 1499 782 1563 ἐστίν.
810 1499 860 1563 ἐί
884 1495 922 1562 δὲ
946 1492 1027 1582 μήτε
1043 1500 1078 1555 84

60 1592 142 1682 πρὸς
162 1594 223 1682 ἐμὲ
239 1591 323 1681 μήτε
339 1585 414 1662 κατ’
442 1596 523 1682 ἐμοῦ
540 1599 637 1681 δίκην
655 1594 744 1664 εἶναί
757 1614 839 1682 φησι
855 1598 903 1687 αφ’
919 1600 1024 1683 τιαιδί,

60 1691 120 1764 τὸυ
135 1691 315 1764 κωλύοντα
330 1691 432 1782 νόμον
449 1692 588 1782 εἰπάτω,
607 1688 669 1763 κάν
686 1701 743 1783 ἔχη
762 1697 881 1782 δεῖξαι,
900 1698 1025 1782 λαβέτω

55 1797 114 1864 καὶ
141 1791 236 1866 οὕτω
262 1791 299 1864 τὰ
325 1797 422 1884 μέρος
447 1798 515 1864 τοῖν
540 1792 722 1884 χρημάτων.
767 1801 799 1861 εί
824 1789 855 1860 δ’
883 1785 928 1862 αύ
947 1791 1024 1883 μήτ’

53 1893 328 1966 ε’ττιδικάσασθαί
350 1915 431 1983 φησι
459 1899 531 1963 δεῖν
556 1898 618 1964 τού
641 1889 837 1983 ἡμικληρίου
862 1892 943 1982 μήτε
959 1891 1025 1982 μὴν

52 1995 286 2084 δικάσασθαι,
313 1991 385 2063 ἄλλ’
405 1991 469 2082 ἤδη
488 1993 572 2063 εἶναι
597 1998 701 2064 ταῦτα
718 1997 779 2065 τού
800 1993 927 2082 παιδός,
945 1991 1024 2063 άτιο-

51 2096 252 2190 γραψάσθω
279 2092 361 2184 πρὸς
386 2092 445 2164 τδν
461 2091 603 2186 άρχοντα
629 2103 676 2176 είς
692 2093 754 2183 τὴν
775 2100 942 2183 μίσθωσιν
957 2097 1025 2163 των

53 2205 194 2270 ἐκείνου
213 2195 404 2288 χρημάτων,
433 2191 475 2283 ἣν
492 2191 510 2266 ὁ
527 2195 779 2285 μισθωσάμενος
803 2193 967 2284 εἰσπράξει
983 2221 1025 2284 με

53 2305 167 2370 ταῦτα
195 2294 241 2379 άς
265 2295 346 2368 ὄντα
370 2299 433 2366 τού
457 2295 583 2377 παιδός.
634 2299 738 2366 ταῦτα
762 2293 889 2387 μεγάλα
915 2293 1026 2364 δίκαιά
1042 2309 1078 2362 35

55 2406 137 2470 ἐστι.
176 2403 283 2468 ταῦτα
299 2400 355 2468 καί
373 2403 409 2468 οἱ
423 2396 518 2484 νόμοι
536 2397 745 2485 κελεύουσιν,
772 2389 812 2467 ού
838 2391 883 2484 μά
899 2403 967 2466 Δία
983 2393 1024 2467 ού

53 2497 193 2590 γραφάς
213 2501 269 2588 ἐμὲ
287 2497 427 2587 φεύγειν
444 2498 520 2585 περὶ
533 2487 581 2567 οἷν
599 2503 693 2577 δίκας
706 2503 793 2580 ίδίας
811 2495 896 2566 εἶναι
913 2523 1024 2567 ιιειιοι-

54 2601 199 2689 ήκασιν,
228 2597 309 2669 ούδὲ
326 2595 541 2668 κινδυνεύειν
558 2600 634 2688 περὶ
651 2601 712 2668 τού
727 2598 890 2688 σώματος,
916 2594 967 2667 ὅτι
983 2595 1024 2666 ού

55 2703 334 2791 μεταδίδωμιτῷ
349 2701 445 2768 τιαιδλ
463 2696 606 2786 τούτων,
626 2694 764 2793 άψήφφ
781 2695 943 2787 κρατήσας
961 2695 1024 2785 ε’γύ

54 2800 138 2882 τούς
167 2807 303 2890 ἔχοντας
329 2796 417 2868 οὕτω
445 2795 526 2889 παρ’
553 2794 650 2889 ύμω”ν
675 2806 810 2886 ἔλαβον·
837 2791 911 2866 ἄλλ’
940 2809 973 2868 εί
994 2828 1025 2869 τι

54 2907 127 2973 τοῖν
155 2897 431 2990 ὁμολογουμένων
457 2899 543 2968 εἶναι
567 2903 629 2969 τού
653 2897 770 2979 παιδὸς
788 2897 875 2986 εἶχον
894 2901 948 2969 καί
966 2929 1023 2972 κα·

55 3009 125 3085 κῶς
139 3003 285 3088 διέθηκα
297 2994 373 3066 ὥστ’
389 3002 515 3094 ἐκεῖνον
527 3002 723 3087 κακοῦσθαι,
735 2998 808 3070 τότε
824 2995 866 3068 άν
877 3029 932 3089 μοι
943 3001 1027 3074 κατά
1073 3010 1079 3020 ¹

55 3102 188 3190 ταύτην
212 3101 358 3189 προσῆκε
381 3106 553 3187 κρίνεσθαι
576 3096 638 3188 την
660 3099 810 3192 γραφήν,
834 3096 875 3169 ον’
897 3099 942 3191 μά
965 3101 1024 3174 Δί’
1083 3133 1086 3143 ·

56 3201 123 3274 ούκ
142 3204 198 3272 ἐπὶ
216 3216 286 3280 τοῖς
305 3202 403 3287 ἐμοῖς.

129 3300 204 3374 ’Ότι
222 3301 285 3390 μὲν
302 3288 366 3369 ούυ
383 3293 461 3366 οὔτε
478 3298 691 3388 περὶτούτων
708 3297 809 3372 οὐδὲν
823 3308 952 3374 δίκαιον
968 3331 1024 3374 τιε·
1042 3325 1078 3378 36

58 3413 203 3493 ποίηκεν
221 3397 299 3470 ούτε
317 3400 392 3488 περὶ
408 3401 478 3466 τῶν
494 3395 604 3470 ἄλλων
621 3397 744 3490 άληθὲς
761 3399 863 3473 ούδλν
881 3413 1023 3495 είρηιιεν,

58 3503 194 3576 ἅπαντα
219 3503 258 3570 δὲ
276 3501 394 3578 δεινούς
411 3502 583 3592 πλεονεξίᾳ
599 3501 821 3592 μεμηχάνηται
839 3503 1026 3594 διαβάλλων

110 3619 227 3668 Ian-:us-
832 3621 869 3681 10
