2460 3918
214 261 257 326 84
629 254 758 307 τεειοτ
1071 255 1158 310 οτι.
1204 297 1205 308 ς

210 427 464 518 τετολμήκασιν,
494 423 577 498 ιἰλλᾶ
607 425 689 516 τρδς
719 423 910 518 ὑπερβολήν
935 423 1159 518 ἀναισχυντίας

212 526 565 622 προσμεμαρτυρήκασι
585 527 723 610 τούτους
740 527 827 599 εἶναι
843 526 1083 620 κληρονόμους,
1108 525 1159 610 οὑς

213 626 308 721 ὑμεῖς
325 627 647 721 ἀπεχειροτονήσατε.

161 753 196 805 46
279 729 349 804 Ἔτι
367 732 405 801 δέ
430 733 485 800 καὶ
510 733 571 800 τοὺ
595 729 759 822 μάρτυρος
785 726 891 800 αὑτοῦ
916 731 1088 814 σκέψασθε
1106 728 1160 818 τήν
1205 803 1206 806 ,

212 831 337 924 τόλμαν
362 833 418 902 καὶ
443 827 637 920 ὐυαίδειαυ,
662 828 752 912 ὅστις
777 841 886 922 είληχε
911 833 972 922 μδυ
998 827 1091 924 αὑτιβΙ
1111 835 1160 918 τῆς

213 929 380 1023 θυγατρός
401 933 459 1019 τής
480 928 692 1055 Εὐκτήμονος
715 925 759 1012 οδς
776 929 876 1021 οὔσης
895 931 1090 1025 ἐπικλήρου,
1112 934 1161 1000 καὶ

213 1029 318 1104 αὐτοῦ
333 1061 393 1103 του
381 1030 534 1124 κλήρου
550 1061 610 1103 του
600 1029 840 1123 Εὐκτήμονος
851 1036 1002 1125 πέμπτου
1025 1035 1030 1123 Ι
1053 1035 1161 1124 μέρους

214 1128 259 1215 ὥς
278 1130 463 1204 έτιιδίκοο”
445 1162 555 1223 ουτος,
572 1131 846 1257 μεμαρτύρηκεδ’
865 1130 1082 1227 Εὐκτήμονος
1097 1130 1162 1202 υίδυ

214 1233 299 1358 είηαι
316 1232 463 1324 γνήσιον.
499 1242 606 1306 καίτοι
622 1261 692 1316 ιιως
708 1225 805 1316 οὑτος
820 1231 864 1305 οὐ
879 1237 994 1326 σαφεῖς
1014 1235 1162 1322 ἐξελέγχει
1206 1253 1207 1322 s

215 1330 314 1416 αὐτὸς
339 1331 441 1406 αὑτδυ
466 1364 506 1406 τα
531 1339 641 1425 ψευδῆ
661 1335 947 1460 μεμαρτυρηκότας
974 1333 1017 1406 οὐ
1034 1332 1098 1426 γὰρ
1115 1333 1162 1421 δή

200 1462 280 1506 Ιτιον
310 1434 496 1525 γυησίου”
476 1464 619 1517 ουτοςυ
596 1439 685 1518 υίέος
711 1433 905 1526 Εὐκτήμονι
931 1430 1145 1528 ἐπίκληρος
1128 1463 1162 1504 αν

214 1526 258 1624 ήυ
275 1531 295 1625 ή
312 1535 466 1628 θυγατηρ
489 1533 607 1627 αὐτοῦ,
634 1532 758 1607 οὐδδδ
740 1541 903 1629 οκλήρος
929 1541 1085 1620 έτίδικος.
1126 1530 1162 1614 ὑς

214 1643 331 1708 τοίνυν
356 1644 451 1726 ἔλαχε
474 1636 595 1719 ταύτας
618 1634 676 1719 τὰς
699 1635 866 1728 λήξεις,’
847 1637 1077 1728 αυαγνοόσεται
1093 1632 1162 1726 ὑμῖν
1207 1679 1208 1686 1

214 1736 273 1819 τοὶς
289 1746 481 1830 μαρτυρίας.

588 1868 799 1920 ΜΑΡΤΤΡΙΑῙ.

165 2009 199 2060 4⁷
273 1987 477 2063 Τοὺυαυτίου
498 1996 614 2062 τοίνυν
637 1994 848 2081 συμβέβηκεν
869 1985 890 2079 ή
909 1986 953 2072 ὑς
970 1986 988 2062 ὁ
1007 1989 1105 2080 νόμος
1120 1988 1161 2075 γε’·

216 2111 373 2186 γραπται·
401 2096 472 2163 ἐκεῖ
495 2093 556 2182 μὲν
581 2091 645 2183 γάρ
672 2096 739 2162 ἐστι
764 2091 858 2185 υόθω
875 2094 960 2182 μηδὲ
982 2090 1071 2182 νόθη
1090 2089 1162 2159 εἶναι
1208 2133 1209 2182 l

217 2192 406 2284 ἀγχιστείαν
432 2190 516 2286 μήθ’
545 2197 644 2284 ίερωυ
669 2189 752 2284 μήθ’
780 2189 883 2264 ὁσίων
909 2189 966 2264 ἄττ’
986 2189 1161 2265 Εὐκλείδου
1208 2183 1209 2190 ¹

217 2322 390 2385 αρχοντος,
414 2290 714 2385 Ἀυδροκλείδηςδ
694 2295 731 2364 δέ
756 2295 811 2364 καὶ
835 2290 1035 2385 Ἀντίδωρος
1052 2302 1162 2363 οίουιαι

218 2400 302 2482 δεῖν,
320 2391 517 2484 ὑφελόμενοι
529 2391 586 2474 τὰς
604 2391 817 2484 Εὐκτήμονος
828 2392 1067 2486 θυγατέρας
1030 2422 1087 2474 τας
1088 2415 1162 2515 γυη·

217 2501 290 2574 σίας
317 2497 373 2564 καὶ
398 2491 475 2574 τοὺς
494 2497 530 2564 έκ
552 2493 680 2565 τοὺτωυ
697 2493 890 2585 γεγονότας,
916 2494 977 2567 τόν
991 2524 1030 2566 τε
1047 2485 1161 2575 Εὐκτή-

165 2613 200 2666 48
216 2623 315 2685 μονος
332 2593 425 2664 οἶτον
441 2592 553 2663 καὶ
520 2622 578 2664 τον
597 2594 839 2686 Φιλοκτήμονος
862 2603 957 2686 ἔχειν.
993 2589 1085 2668 καὶ
1067 2622 1087 2682 η
1105 2597 1162 2660 δια·

218 2703 387 2786 φθείρασα
412 2693 474 2782 τήν
499 2691 710 2784 Εὐκτήμονος
735 2695 872 2786 γυιόμηυ
897 2700 953 2768 καὶ
975 2693 1162 2776 τολλωυίγ

218 2794 338 2887 κρατής
360 2797 520 2885 γενομένη
543 2792 648 2877 οὑτως
670 2792 798 2888 ὑβρίζει
820 2796 952 2889 σφόδρα
974 2793 1163 2868 πιστεύουσα

218 2894 362 2986 τούτοις,
382 2894 466 2967 ὥστε
483 2893 523 2966 οὑ
541 2896 644 2986 μόνον
661 2901 729 2969 τοῖν
740 2895 953 2988 Εὐκτήμονος
970 2905 1101 2970 οίιιείων
1116 2917 1162 2960 σε·

123 3050 126 3058 .
218 3014 393 3087 ταφρουεί,
412 2994 495 3068 ἄλλό
512 3001 567 3068 καὶ
585 3001 642 3086 τῆς
660 2997 786 3080 πόλεως
802 2994 938 3088 ἁπάσης.
974 2996 1162 3071 ἀκούσαντες

220 3098 258 3166 δέ
281 3101 319 3167 ἓν
340 3099 444 3187 μόνον
467 3114 604 3188 σημείου
628 3105 752 3191 ῥηιδίως
775 3097 949 3187 γυοόσεσθε
970 3097 1032 3188 τήν
1050 3101 1163 3176 ἐκείνης

219 3206 436 3290 παρανομίαν.
473 3207 543 3270 Καί
556 3229 610 3290 μοι
629 3201 710 3288 λαβὲ
727 3203 845 3270 τοῦτον
862 3199 921 3272 τόν
936 3200 1048 3292 νόμον.

627 3336 765 3389 ΝΟΜΟΣ.

166 3467 201 3519 49
299 3453 400 3520 Ταυτδ
411 3449 451 3519 τὰ
463 3449 646 3542 γράμματα,
665 3440 694 3518 οὐ
710 3449 842 3542 ἄνδρες,
860 3448 957 3542 ὑμεῖς
974 3451 1060 3524 οὑτω
1071 3435 1163 3534 σεμνὰ

218 3551 274 3619 καλ
292 3546 415 3639 εὐσεβῆ
440 3549 715 3640 ἐνομοθετήσατε,
743 3555 819 3642 περὶ
836 3558 964 3625 τολλοὺ
985 3548 1162 3640 ποιούμενοι
