2466 3914
45 291 47 298 s
74 220 118 272 οε.
138 220 158 270 1.
232 222 319 272 ποετ
336 221 412 272 νον
429 220 665 274 Κουαυνυον
682 222 846 273 ΚΛυΡον.
979 232 1016 290 15

71 388 191 463 ἅπασαν
213 392 388 481 βεβαιώσει
412 391 472 484 τὴν
489 390 624 480 ούσίαν;
649 398 704 465 καὶ
722 393 858 476 τούτους
876 397 936 485 μὲν
953 401 1018 468 νύν
1073 479 1076 484 ,

69 495 135 581 περὶ
152 501 303 575 πλείονος
322 507 490 566 ποιεῖσθαι
507 493 626 583 ταύτης
644 490 793 584 ὑπούσης
809 499 866 584 τῆς
884 504 1016 588 ἔχθρας,
1073 573 1077 588 1

69 589 142 682 ἡμᾶς
165 595 208 664 δὲ,
225 595 384 684 τοσαύτης
407 594 603 684 οἰκειότητος
625 599 680 666 καλ
704 603 816 686 φιλίας
840 601 1017 690 γενομένης

68 697 238 784 πειρᾶσθαι
260 700 384 785 μᾶλλον
402 701 509 778 κακῶς
527 713 651 783 ποιείν;
667 691 756 768 Ἀλλ’
775 705 894 786 ἔγωγε,
914 705 945 768 εί
961 726 1017 768 κα·
1035 723 1067 775 34

67 811 209 885 τηγορείν
234 795 410 884 ἐβούλοντο
433 800 500 868 τοῖν
519 801 691 886 διαθηκοὲν
714 793 814 886 ἦπού
829 808 1016 888 τετελευτη-

66 895 165 985 κότος,
190 893 254 972 ούκ
272 895 337 968 οἶδ’
356 896 376 968 6
391 928 422 969 τι
446 893 488 969 διν
505 895 584 969 ύλλο
602 896 682 990 πρὸς
699 894 783 988 ὑμᾶς
802 899 912 988 εἷπον,
930 905 1016 988 οἵγε

67 994 114 1076 τὰς
131 997 295 1086 διαθήκας
318 1000 379 1089 μέν
397 997 642 1090 ἀποφαίνουσιν
659 997 730 1070 οὔτ’
749 997 860 1091 ὀρθοῖς
880 999 1017 1090 ἐχούσας

66 1093 127 1166 οὔτ’
155 1095 362 1190 ἄρεσκούσας
389 1105 437 1194 τῷ
464 1103 668 1194 διαθεμένςο,
696 1105 759 1171 τού
787 1102 824 1171 δὲ
852 1101 1016 1190 τοσαύτην
1095 1099 1105 1122 “

66 1205 177 1284 μανίαν
195 1206 451 1292 κατηγοροῦσιν,
463 1264 466 1270 ,
477 1199 561 1271 ὥστε
585 1205 689 1291 φασὶν
713 1198 814 1272 αύτδν
832 1205 908 1294 περὶ
926 1211 1015 1273 πλεί-

24 1337 26 1346 ,
65 1326 129 1379 ονος
151 1314 321 1372 ποιεῖσθαι
343 1301 420 1382 τούς
445 1298 536 1397 αύτῷ
557 1305 814 1394 διαφερομένους
831 1298 852 1391 ἢ
869 1301 946 1384 τούς
969 1312 1014 1374 ol·

62 1402 150 1481 λείως
177 1406 384 1494 χρωμένους,
416 1406 471 1474 καλ
498 1401 548 1485 οἷς
576 1405 637 1494 μὲν
660 1407 724 1488 ξύν
746 1401 826 1490 ούδδ
851 1407 1014 1492 διελέγετο

65 1496 185 1573 ἅπασαν
211 1507 329 1574 δούναι
351 1533 413 1593 την
435 1501 570 1590 ούσίαν,
598 1503 675 1586 τούς
701 1501 731 1574 δ’
756 1503 940 1576 οἰκειότατα
963 1533 1014 1576 κε-

51 1603 236 1724 ’γρημένους
254 1600 335 1675 ούδὲ
352 1610 534 1677 πολλοστού
549 1610 669 1698 μέρους
686 1602 829 1690 ἀξιώσαι,
866 1603 950 1676 ὥστε
966 1614 1015 1688 τίς
1033 1624 1065 1677 35

65 1696 98 1769 δν
117 1698 214 1826 ύμωγ
243 1705 365 1787 ταύτας
391 1707 475 1777 εἶναι
504 1715 621 1797 κυρίας
643 1705 700 1788 τὰς
725 1706 888 1795 διαθηκας
913 1715 1014 1796 ψηφί-

65 1823 160 1894 σαιτο,
185 1801 226 1886 ἃς
248 1803 345 1896 ὁμέν
370 1803 613 1897 διαθέμενος’
589 1837 633 1888 ως
661 1804 722 1879 ούκ
744 1805 854 1897 ὀρθοῖς
878 1806 1014 1896 ἐχούσας

64 1899 314 1996 ίπεδοκίμασεν,
333 1898 471 1979 ούτοιδ’
491 1917 575 2002 έργφ
594 1907 733 1979 λύουσιν
747 1903 953 1988 ἐθέλοντες
935 1924 1014 2030 ημῖν

66 2011 261 2122 ίγομοιρησαι
278 2038 335 2097 της
360 2007 491 2097 ούσίας,
516 2006 597 2100 πρδς
616 2009 653 2078 δὲ
669 2007 796 2088 τούτοις
814 2003 909 2097 ημείς
931 2003 1013 2097 ύμῖν

65 2100 296 2204 ιἰποφαίνομεν
308 2114 459 2190 ἐναντίας
481 2107 582 2189 ούσας
605 2112 660 2178 καλ
684 2111 731 2201 τῷ
751 2107 842 2200 νόμῳ
865 2111 921 2178 καλ
944 2124 1012 2190 τοῖς

66 2210 192 2290 δικαίοις
211 2213 267 2280 καὶ
284 2215 327 2301 τῇ
343 2239 403 2281 τον
390 2208 684 2335 τελετεντηκότος
704 2179 851 2302 διανοίρι;

128 2310 231 2400 Οἶμαι
255 2306 329 2381 δΗ
310 2316 395 2400 νμᾶς
417 2309 453 2382 τδ
476 2306 588 2402 περλ’
570 2339 664 2434 ημων
688 2315 817 2381 δίκαιον
834 2306 1011 2402 σαφέστατ’
1031 2330 1064 2386 36

64 2435 98 2475 αν
113 2409 190 2502 παρ’
211 2408 323 2485 αύτων
335 2411 463 2484 τούτων
480 2410 724 2483 πυνθάνεσθαι.
761 2419 792 2481 εί
806 2410 870 2503 γάρ
887 2440 936 2493 τις
954 2407 1012 2480 αύ-

64 2505 127 2590 τούς
152 2520 260 2604 ἔροιτο
285 2511 393 2583 διὰτί
407 2509 533 2598 ύξιούσι
556 2511 752 2603 κληρονόμοι
769 2504 928 2634 γενέσθαι
944 2541 1012 2583 των

64 2612 275 2704 Κλεωνύμου,
306 2611 397 2684 τοῦτ’
427 2608 469 2685 δν
493 2622 601 2685 εἰπεῖν
625 2611 791 2704 ἕχοιεν,”
772 2643 822 2684 οτι
845 2617 901 2683 καὶ
921 2615 1011 2701 γένει

65 2713 157 2784 ποθὲν
186 2713 391 2805 προσήκουσι
418 2718 473 2785 καλ
504 2719 628 2795 ἐκεῖνος
658 2711 771 2843 αύτρίς
794 2713 914 2805 χρόνον
937 2742 1012 2783 τινα

65 2812 245 2902 ἐπιτηδείως
263 2819 417 2886 διέκειτο.
454 2812 516 2887 ούκ
533 2846 575 2886 αν
592 2813 657 2907 ίιρα
673 2812 758 2905 ύπερ
776 2810 870 2903 ημοὲν
886 2816 1011 2904 μαλλον

64 2904 173 3006 ἦύτιδρ
181 2921 294 3046 σφρίν
322 2913 433 2988 αύτοῖν
457 2916 525 3000 εἶέν
548 2915 728 3007 είρηκότες;
752 2925 785 2984 εί
807 2942 843 2984 τε
868 2911 931 3037 γὰρ
956 2911 1010 2984 δια
1028 2925 1061 2978 37

64 3009 114 3099 τὴν
134 3021 194 3089 τοῦ
214 3021 332 3106 γένους
355 3013 543 3108 ἀγχιστείαν
567 3024 621 3088 δεῖ
641 3019 798 3105 γενέσθαι
820 3043 911 3096 τινας
933 3023 1009 3103 κλη

66 3115 241 3208 ρονόμονς,’
259 3113 353 3208 ημείς
361 3121 540 3241 ἐγγυτέρω
564 3122 652 3206 γένει
675 3115 927 3239 προσήκομεν
921 3127 955 3185 εί
973 3143 1009 3184 τε

67 3213 156 3284 δια
122 3247 181 3306 την
198 3227 326 3342 φιλίαν
331 3249 393 3308 την
409 3215 639 3310 ύπύρχονσαν,
659 3229 769 3288 ίσασιν
787 3213 889 3288 αύτδν
905 3243 1008 3286 απαν-

66 3341 108 3431 ξὲς
123 3314 200 3408 ἡμῖν
218 3314 417 3410 οίκειοτερον
436 3327 653 3408 διακείμενον.
692 3314 770 3388 ὥστ’
790 3313 831 3387 ού
848 3346 910 3437 χρη
928 3312 1007 3406 παρ’

65 3407 162 3537 ἡμῶν,
184 3418 267 3491 ἄλλα
292 3421 370 3511 [καί]
396 3418 476 3511 παρ’
497 3416 609 3490 αύτύν
630 3417 757 3488 τούτων
775 3414 1009 3488 πυνθάνεσθαι

67 3513 97 3585 τδ
119 3525 251 3594 δίκαιον.
294 3515 542 3593 Πύντυνδ’”
521 3549 564 3590 αν
589 3529 639 3608 είη
664 3516 911 3603 δεινότατον,ε
896 3523 1009 3595 είτοῐς
1026 3526 1060 3578 38
