2460 3918
74 231 96 281 p.
113 213 148 265 το.
259 215 346 266 ΠΕΡΙ
364 214 439 266 εον
457 213 620 266 Rumon
637 209 800 264 κΛΗεοω.
943 197 1003 280 105

72 387 123 454 τού
142 382 276 475 μάρτυσι
300 381 470 456 πιστεύειν
492 391 595 474 ἔφυγε
617 383 678 473 την
701 381 855 471 βάσανον.
897 392 1004 456 καίτοι

72 492 96 554 ελ
117 482 293 573 φανήσεται,
316 486 420 556 ταῦτα
444 489 577 573 ποιησαι
602 482 646 574 μὴ
675 482 834 573 θελήσας,
860 491 895 554 τί
922 481 1003 558 ὑπο·

69 591 199 655 λείπεται
215 603 281 666 τοῖς
293 590 422 657 ἐκείνου
438 584 599 676 μάρτυσιν
617 581 638 674 ἢ
656 591 768 655 δοκεῖν
778 587 856 655 νυνὶ
873 581 913 654 τὰ
924 602 1003 669 ψευ-

70 689 106 772 δη
119 702 306 777 μαρτυρεῖν,
330 683 448 763 τούτου
471 689 664 774 τηλικούτου
686 692 821 774 ἔλεγχον
842 685 1003 774 πεφευγό-

68 813 127 870 τος;
143 783 204 873 ἐμω
221 787 283 875 μὲν
293 781 503 876 οἶμαιούδίυ.
524 783 621 856 Ἀλλό
634 783 700 876 μὴν
718 781 761 867 ὣς
778 781 889 874 ύληθῆ
905 789 1001 874 λέγω,

68 888 139 972 λαβί
156 916 209 975 μοι
231 888 361 978 πρῶτον
384 886 389 974 Ι
410 884 536 974 ταύτην
558 885 620 974 τὴν
642 893 825 978 μαρτυρίαν
848 889 903 958 καὶ
925 883 1003 957 ἆνά·

68 997 169 1072 γυωθι.

429 1137 458 1186 Μ
463 1134 626 1187 ΔΡΤΤΡΙΔ.

126 1285 226 1380 Ὑμεῖς
247 1293 309 1381 μεν
331 1298 446 1361 τοίνυν
463 1293 518 1360 καὶ
536 1297 606 1382 ίδίᾳ
627 1294 683 1362 καὶ
701 1297 842 1384 δημοσίᾳ
858 1289 1005 1379 βάσανον
1023 1321 1055 1373 12

69 1385 286 1480 ἀκριβέστατον
316 1397 449 1480 ἔλεγχον
476 1400 636 1481 νομίζετε·
666 1394 722 1462 καὶ
744 1386 867 1462 ὁπόταν
891 1395 1004 1462 δοῦλοι

68 1493 112 1559 καὶ
133 1489 302 1583 ἐλεύθεροι
330 1493 579 1581 παραγένωνται
601 1495 656 1562 καὶ
680 1496 738 1582 δέη
769 1487 953 1583 εὑρεθῆναί
973 1521 1004 1562 τι

68 1594 122 1660 τόν
132 1595 351 1683 ζητουμένων,
369 1588 410 1662 ού
427 1597 553 1684 χρῆσθε
564 1609 636 1674 ταῖς
646 1597 713 1664 των
726 1595 913 1685 ἐλευθέρων
923 1622 1004 1683 μαρ-

68 1699 193 1781 τυρίαις,
217 1690 302 1762 ἀλλὰ
325 1689 400 1774 τούς
428 1691 568 1775 δούλους
586 1701 830 1783 βασανίζοντες,
848 1691 935 1764 οὕτω
953 1701 1004 1780 ζη-

69 1807 138 1861 τεῖτε
159 1787 270 1882 εὑρεῖν
293 1791 353 1881 τὴν
375 1789 536 1882 ἀλήθειαν
557 1795 624 1864 τοῖν
645 1795 884 1883 γεγενημένων.
921 1790 1004 1862 είκό-

68 1918 132 1980 τως,
156 1883 180 1962 τό
204 1891 338 1985 ἄνδρες
363 1891 497 1964 σύνιστε
517 1891 580 1985 μόρ
602 1890 652 1963 ὅτι
673 1897 741 1963 των
763 1893 824 1981 μὲν
840 1920 1004 1982 μαρτυρη-

70 1988 181 2064 σόντων
197 1991 262 2083 ἤδη
279 1993 366 2074 τινες
385 1997 502 2076 ἔδοξαν
514 1989 554 2063 ού
565 1989 700 2082 τᾶληθη
709 1996 925 2083 μαρτυρῆσαι,
938 1993 1005 2061 των

71 2091 99 2160 δὲ
113 2095 380 2179 βασανισθέντων
396 2089 532 2174 οὐδένες
551 2092 683 2163 πώποτε
701 2094 943 2180 ἐξηλέγχθησαν
961 2087 1005 2171 ὦς

69 2187 119 2261 ούκ
148 2190 258 2284 ιἰληθῆ
286 2197 322 2264 ἐκ
344 2196 412 2264 τοῖν
434 2192 590 2282 βασάνων
615 2191 768 2272 εἰπόντες.
810 2181 906 2271 ούτος
931 2187 962 2260 δ’
987 2186 1055 2265 613

69 2290 188 2366 πάντων
214 2291 507 2384 ἄναισηνντότατος
530 2290 720 2383 ἀνθρώπων
747 2289 855 2380 λόγοις
883 2301 1005 2361 πεπλα-

70 2396 182 2477 σμένοις
194 2398 250 2466 καὶ
263 2392 426 2487 μάρτυσιν
437 2392 478 2464 οὗ
495 2390 625 2482 τάληθῆ
640 2394 864 2482 μαρτυροῦσιν
875 2388 1006 2475 ἆξιωσει

69 2494 220 2565 πιστεύειν
242 2490 346 2585 ὑμᾶς,
375 2493 513 2584 φεύγων
535 2490 641 2575 οὕτως
664 2489 811 2584 ἀκριβεῖς
839 2495 1004 2581 ἐλίμχους;

69 2585 127 2660 ἄλλ’
145 2591 205 2685 ούχ
221 2590 335 2718 ἡμεῖς,
360 2591 443 2666 ἄλλό
460 2593 622 2684 πρότερον
643 2589 731 2684 ὑπὲρ
753 2596 821 2663 των
842 2620 1005 2682 μαρτυρη-

68 2690 219 2778 θήσεσθαι
234 2693 422 2785 μελλόντων
438 2692 634 2778 ἆξιύσπυτες
648 2702 693 2775 είς
705 2691 869 2782 βασάνους
882 2695 1005 2778 ἐλθεῖν,

68 2790 190 2876 τούτους
214 2796 252 2865 δὲ
275 2793 510 2885 φεύγοντας..
558 2849 585 2884 .,
608 2791 713 2873 οὕτως
735 2790 915 2881 οἰησόμεθα
934 2795 1006 2859 δεῖν

67 2883 140 2978 ὑμᾶς
162 2911 229 2976 τοῖς
253 2890 420 2986 ημετίροις
443 2894 585 2986 μάρτυσι
612 2891 789 2964 πιστεύειν.
830 2890 921 2977 Λαβδ
943 2879 1006 2960 ούυ

68 2987 167 3076 αὐτοῖς
185 2993 376 3066 ταυτασὶ
340 3023 397 3076 τας
414 3002 596 3087 μαρτυρίας
615 2996 670 3063 καὶ
687 2989 867 3079 ἀνάγνωθι.

424 3159 635 3212 ΜΑΡΤΤΡΙΑΙ.

136 3305 232 3382 Τίνας
257 3297 396 3380 ελκόςί
366 3296 547 3369 είδέυαι
511 3327 552 3367 τα
574 3293 710 3380 παλαιύ;
737 3291 909 3383 δηλονότι
930 3290 1006 3373 τούς
1026 3317 1057 3366 14

67 3399 240 3515 χρωμένους
257 3429 304 3494 τω
321 3425 452 3493 παππςο.
489 3393 756 3488 μεμαρτυρηιιασι
772 3390 923 3465 τοίνυν’
904 3421 1007 3516 ακοηυ

67 3482 154 3567 οὗτοι.
188 3507 279 3582 τίνας
298 3507 329 3570 εί
314 3502 422 3570 ίδίυαι
439 3527 479 3568 τα
467 3493 624 3588 περὶ
588 3525 648 3584 την
666 3501 797 3565 ἔκδοσιν
814 3522 871 3582 της
887 3490 1007 3582 μητρός
