2466 3914
59 247 81 297 p.
97 229 134 276 ιι.
203 223 294 276 nm
310 199 386 276 που
401 223 662 276 οιτοντεετον
680 224 843 278 mpooe.
960 233 1000 294 53

59 399 157 488 πρῦτα
180 398 233 465 ἐπὶ
255 394 294 466 τά
311 392 539 518 Νικοστράτου
564 391 699 486 ᾄξαντες
722 384 817 464 οῦτοί
839 403 916 464 είσι·
935 407 1002 467 Χα-

58 495 159 618 ριάδης
183 494 279 565 δὲ’
242 524 315 566 τοτε
330 497 392 584 μὲν
409 491 559 584 οάδαμοῦ
576 492 839 618 ήμφισβήτησεν,
864 491 1003 587 ῦστερου

59 592 144 666 δὲ’
107 625 145 666 ου
167 593 271 684 μόνον
294 592 393 676 αύτός
416 591 498 664 ἀλλά
521 598 576 664 καὶ
597 624 634 664 το
623 593 763 682 ἕκτης
781 597 912 686 ἑταίρας
929 623 1003 666 παι·

58 703 120 766 δίον
141 697 297 766 είσποιῦν
321 685 414 784 ήλβε.
457 699 552 764 τοῦτο
580 692 612 764 δ’
639 685 682 783 ήν
707 691 798 788 αῦτςῦ
824 691 868 776 ῦς
893 690 914 783 ή
937 724 1004 766 των

57 793 215 886 χρημάτων
239 792 516 885 κληρονομήσαντι
538 789 559 882 ή
580 792 617 864 τύ
639 801 773 865 παιδίον
796 791 895 865 ἀστδν
912 795 1004 884 ποιή

59 917 142 964 σοντι.
183 893 383 983 αἰσθόμενος
407 897 446 966 δὲ
467 885 581 965 καί
539 922 634 975 ουτος
650 892 700 965 ὅτι
717 893 793 986 περὶ
810 899 872 966 τοῦ
887 899 1005 984 γένους

60 991 346 1085 ίλεγχθήσοιτο,
308 1023 370 1084 την
386 996 447 1085 μὲν
463 1023 523 1064 του
512 998 669 1064 παιδίου
685 991 929 1086 ἀμφισβήτησιν
945 1023 1005 1065 πα-

59 1098 198 1184 ρίλνσεν,
219 1098 330 1189 ἑαυτοῦ
346 1097 384 1165 δε
400 1093 482 1165 κατὰ
500 1092 593 1165 δύσιν
610 1099 887 1186 παρακατέβαλεν.

116 1191 230 1285 Ἐχρῆν
248 1165 369 1285 μὲύς
326 1224 405 1283 ουν,
424 1224 450 1264 co
438 1186 642 1286 ἀνδρες,
622 1214 710 1276 οστις
728 1225 811 1267 κατα
800 1195 917 1268 δύσιν
929 1224 1005 1286 χρη·
1023 1203 1054 1254 11

59 1293 153 1381 μάτων
175 1292 394 1418 ἀμφισβητοῦν
415 1290 554 1382 ήττηθεί
552 1323 588 1384 η,
613 1293 657 1383 μή
679 1293 761 1365 κατά
782 1325 818 1366 το
807 1295 931 1377 τίλος
955 1307 1006 1384 ζη-

60 1400 218 1484 μιοῦσθαι,
243 1392 316 1465 ἀλλ’
337 1391 429 1484 ίφ’”
410 1417 471 1464 οσα
493 1421 555 1486 περ
572 1394 793 1484 ληψόμενος”
772 1424 842 1486 ηει,
864 1400 1007 1467 τοσαῦτα

60 1497 92 1581 τή
104 1494 192 1566 πόλει
210 1491 395 1565 ἀποτίνειν·
414 1492 500 1565 οῦτω
518 1493 581 1586 γάρ
598 1490 640 1565 ἀν
657 1493 736 1566 οὔθ’
754 1502 789 1566 οί
803 1495 897 1586 νόμοι
914 1525 1006 1567 κατε-

61 1599 229 1682 φρονοῦντο
244 1592 323 1665 οῦτε
335 1592 374 1664 τά
384 1598 465 1683 γίνη
476 1590 641 1688 ὑβρίζετο,
659 1594 722 1687 πρὸ
737 1598 774 1666 δὲ
784 1596 911 1667 τούτων
928 1593 1004 1668 οὐδ’

61 1688 92 1762 ἀν
114 1698 178 1765 τῦν
199 1693 395 1766 τεθνεώτων
422 1692 540 1775 οὐδείς’
561 1694 791 1779 κατεψεύδετο.
833 1696 945 1785 ἐπειδή
970 1698 1008 1767 δὲ

62 1788 145 1863 ἅπασι
166 1798 221 1866 καί
243 1798 313 1865 τοῖν
330 1791 512 1885 ἀλλοτρίων
528 1790 699 1884 ἀπάυτοιν,
718 1793 797 1866 καθ’
816 1794 835 1865 6
851 1825 883 1866 τι
899 1794 941 1866 ἀν
957 1825 1007 1876 τις

63 1892 218 1984 βούληται,
241 1893 462 1984 ἀμφισβητεῖν
486 1898 627 1988 ὲξεστιν,
655 1891 742 1984 ύμῦς
764 1893 825 1986 χρή
850 1898 925 1985 περὶ
948 1892 1007 1964 αύ-

63 1997 113 2062 τῦν
135 1991 178 2076 ῦς
201 1991 275 2066 οἷόν
297 1993 330 2064 τ’
349 1992 565 2085 ἀκριβέστατα
583 1993 740 2078 ίξετάζειν
764 1998 819 2063 καὶ
837 1995 943 2082 μηδὲν
961 2002 1008 2074 είς

63 2086 124 2162 ὅσον
147 2093 298 2166 δύνασθε
321 2101 543 2185 παραλείπειν.
587 2097 622 2164 ἐν
644 2093 758 2182 μόναις
782 2095 819 2163 δὲ
846 2109 918 2173 ταῖς
940 2097 1007 2164 τῦν
1025 2104 1057 2155 12

64 2192 176 2284 κλήροιν
194 2203 396 2318 είσαγιογαῑς
421 2201 514 2264 δοκεῖ
540 2221 595 2282 μοι
618 2190 795 2283 προσήκειν
820 2202 1007 2316 τεκμηρίοις

40 2307 42 2312 ’
65 2291 209 2376 μῦλλον”
187 2325 209 2383 η
231 2294 373 2398 μάρτυσι
395 2291 570 2364 πιστεύειν.
593 2295 689 2383 περὶ
712 2291 827 2380 μὲν
785 2321 872 2415 γαρ
867 2296 935 2363 τῦν
952 2291 1007 2364 ἀλ·

65 2398 117 2462 λον
141 2375 354 2514 συμβολαίων
379 2391 420 2464 ού
450 2392 538 2464 πάνυ
566 2390 709 2483 χαλεπὸν
737 2389 814 2473 τούς
835 2391 876 2462 τά
897 2398 1010 2513 ψευδή

65 2498 293 2612 μαρτυροῦντας
312 2498 504 2584 mnam
504 2497 606 2573 ῦντος
622 2490 684 2582 γάρ
702 2494 757 2561 καὶ
774 2492 934 2583 παρόντος
949 2497 1010 2563 τοῦ

65 2590 226 2715 πρήξαντος
256 2598 556 2717 καταμαρτυροῦσι
585 2595 660 2683 περὶ
684 2593 722 2662 δε
742 2595 809 2662 τῦν
838 2598 1009 2760 διαβηγων

66 2694 119 2772 σῦς
141 2691 182 2764 ἀν
203 2725 253 2777 τις
277 2703 372 2783 γνοίη
394 2693 471 2776 τούς
493 2692 537 2784 μή
560 2690 689 2780 τάληθῆ
710 2695 942 2781 λίγοντας,εί
911 2691 1009 2815 εμή

67 2789 138 2862 πάνυ
154 2795 280 2884 μεγάλα
296 2824 336 2865 τα
324 2792 554 2885 διαφέροντα
572 2804 639 2880 είη,
665 2788 768 2862 αύτου
755 2793 845 2880 ’μὲν
862 2787 942 2860 καθ’
967 2781 1009 2861 οῦ

68 2899 250 2985 μαρτυροῦσι
266 2898 464 2985 τεθνεῶτος,
487 2897 554 2964 τῦν
573 2894 610 2962 δὲ
632 2894 803 2980 συγγενῦν
820 2892 924 2979 μηδὲν
941 2895 1008 2962 τῦν

69 2998 289 3085 πεπραγμένων
302 3023 319 3064 ε
319 2993 455 3085 ίδύτων,
472 3023 532 3065 του
520 2995 583 3064 δὲ
601 2997 733 3082 ἐλέγχου
744 2988 937 3080 μηδαμῦς’
917 3021 1007 3084 ακρι-

71 3095 133 3172 βῡῦς
149 3098 362 3186 γιγνομένου;
387 3101 434 3165 ἔτι
458 3097 512 3182 δέ,
536 3122 561 3162 οι
550 3084 714 3184 ἀνδρες,
739 3093 794 3160 καὶ
817 3092 883 3160 τῦν
908 3098 1008 3163 διατι·
1025 3107 1057 3160 18

70 3195 202 3278 δεμίνυν
218 3202 254 3266 οί
267 3198 383 3266 πολλοὶ
395 3192 475 3265 οῦδὲ
485 3148 701 3282 λίγυυσιτοϊς
718 3195 1009 3282 παραγιγνομένοις

74 3391 231 3524 διαθήκας,
265 3395 433 3487 μάρτυρας
460 3401 690 3485 παρίστανται,
718 3396 779 3462 τοῦ
807 3393 843 3461 δὲ
871 3399 1009 3481 συμβαί

73 3493 169 3576 νοντύς
186 3500 251 3572 ἐστι
269 3500 324 3570 καί
341 3511 562 3588 γραμματεῖον
579 3489 759 3580 ἀλλαγήναι
783 3489 890 3562 καὶ’
854 3499 1010 3562 ταναντία
