2460 3918
193 283 234 346 58
607 272 735 325 ΙΣΑΙΟΤ
1054 270 1106 322 On.
1126 270 1155 322 5.

194 470 294 538 τησεν
310 443 420 536 ἡμων,
438 441 645 533 ἀπεσύλησεν
662 439 684 514 ἀ
701 443 852 534 έδόνατο,
871 445 927 513 καὶ
944 439 989 524 ὥς
1008 441 1157 533 έχθρούς

143 556 177 608 31
196 545 269 619 ἀλλ’
297 544 348 617 οά
365 544 587 638 προσήκοντας
612 540 782 615 ἀπόλλυσι.
826 542 1004 668 τεκμήριον
1032 545 1071 614 δὲ
1097 547 1159 613 καὶ

195 677 264 720 των
279 644 447 738 ἡμετέρων
472 644 603 735 τρόπων
628 647 682 714 καὶ
708 649 765 732 τῆς
781 644 900 716 τούτου
918 641 1051 726 ἀδικίας
1069 648 1160 733 μέγα

196 746 412 840 παρεξόμεθα.
448 743 629 836 μελλούσης
646 743 709 835 γάρ
725 749 783 833 τής
800 743 882 835 πρὸς
898 743 1085 834 Λεωχάρην
1105 751 1159 814 δί-

196 878 256 937 κης
274 851 424 934 εἰσιέναι,
452 875 478 915 ω
466 837 631 935 ἀνδρες,
651 849 687 916 έν
703 874 749 938 τφ
737 849 1044 935 Μαιμακτηριωνι
1062 852 1160 934 μηνί,

196 946 253 1037 ήξί
250 977 290 1019 ον
306 945 492 1037 Λεωχάρης
509 947 564 1015 καὶ
581 949 798 1034 Δικαιογένης
825 952 955 1016 δίαιταν
981 941 1069 1035 ἡμᾶς
1088 949 1162 1015 έπι-

138 1095 142 1113 .
196 1045 381 1138 τρέπειν
345 1076 407 1136 την
425 1053 522 1134 δίκην
539 1042 832 1170 ἀναβαλλομένους.
860 1041 947 1116 καῖ’
928 1062 1024 1136 ημεῖς
1043 1043 1162 1136 ωσπερ

197 1177 297 1239 μικρα
284 1144 523 1237 ἀδικεόμενοι
540 1146 831 1235 συνεχωρήσαμεν,
854 1149 909 1215 καὶ
926 1149 1163 1271 ἐπετρέψαμεν

200 1255 379 1337 διαιτηταῖς
395 1237 626 1338 τέτταρσιν,
599 1275 647 1317 ων
663 1276 741 1328 τους
758 1248 819 1336 μέν
838 1245 899 1316 δύο
916 1241 1012 1336 ἡμεῖς
1035 1243 1162 1335 ήγάγο-

75 1366 78 1382 '
198 1377 280 1471 μεν,
294 1376 371 1429 τους
389 1350 426 1417 δὲ
445 1347 506 1417 δύο
524 1352 650 1417 ἐκεῖνοι.
683 1349 737 1416 καὶ
756 1351 906 1418 ἐναντίον
923 1346 1054 1417 τούτων
1073 1375 1163 1436 ωμο·

103 1513 107 1532 ,
199 1447 384 1538 λογήσαμεν
403 1451 555 1537 ἐμμενεῖν
571 1443 658 1528 οίς’“
638 1476 681 1517 αν
697 1438 789 1517 οὖτοι
805 1463 934 1535 γνοῖεν,
952 1444 1054 1516 καῖ’
1028 1445 1162 1536 ωμόσα-

148 1562 182 1616 32
199 1575 268 1638 μευ,
321 1551 377 1616 καὶ
410 1552 446 1617 οἱ
476 1549 639 1636 διαιτηταὶ
665 1553 809 1637 ἔφασαν,
847 1554 878 1617 εί
902 1548 963 1637 μέν
990 1543 1163 1637 ἀνώμοτοι

202 1645 353 1718 δύναιντ’
380 1641 422 1717 ἀν
447 1642 531 1735 ήμάς
557 1645 742 1735 διαλλάξαι,
769 1645 856 1716 οὕτω
874 1645 1043 1736 ποιήσειν,
1075 1655 1107 1718 εἰ
1127 1650 1164 1718 δέ

200 1746 262 1837 μή,
297 1750 352 1817 καὶ
386 1744 480 1818 αὐτοὶ
496 1743 690 1836 ·ἀμόσαντες
723 1744 971 1837 ἀποφανεῖσθαι
997 1745 1019 1816 ἀ
1046 1755 1164 1818 δίκαια

200 1843 356 1937 ἡγοῦνται
385 1847 477 1918 εἶναι.
512 1843 749 1936 ἀνακρίναντες
770 1849 809 1917 δέ
825 1844 909 1937 ήμάς
926 1847 1089 1930 πολλάκις
1106 1850 1163 1918 καὶ

201 1947 385 2038 πυθόμενοι
409 1945 450 2018 τά
474 1950 664 2038 πραχθέντα
689 1953 724 2018 οί
747 1954 925 2038 διαιτηταί,
951 1954 987 2018 οί
1010 1949 1076 2039 μὲν
1101 1947 1163 2018 δύο

202 2045 260 2129 οὓς
288 2047 351 2136 έγοὶ
385 2044 637 2138 προύβαλόμην,
673 2047 828 2138 Διότιμος
854 2051 909 2118 καὶ
935 2047 1161 2136 Μελάνωπος,
1224 2033 1225 2085 ί

201 2146 326 2236 ἤθελον
352 2151 405 2218 καὶ
432 2145 594 2239 ἀνάμοτοι
611 2151 666 2218 καὶ
684 2145 862 2239 ὀμόσαντες
879 2146 1126 2237 ἀποφήνασθαι
1144 2145 1164 2217 ἀ
1223 2200 1224 2226 ,

204 2253 404 2337 ἐγίγνωσκον
428 2244 635 2371 ἀληθέστατα
661 2252 697 2318 έκ
721 2253 789 2320 τῶν
811 2252 1015 2338 λεγομένων,
1043 2247 1107 2332 οὓς
1127 2251 1163 2319 δὲ

202 2347 379 2437 Λεωχάρης
404 2345 625 2438 προύβάλετο,
660 2345 722 2419 οὐκ
747 2357 875 2439 ἔφασαν
899 2345 1161 2439 ἀποφανεῖσθαι.

153 2463 186 2517 33
204 2455 308 2516 καίτοι
326 2444 545 2535 Διοπείθης
528 2477 547 2519 ο
565 2477 674 2536 ετερος
700 2479 767 2520 των
794 2453 970 2539 διαιτητων
987 2449 1163 2580 Λεωχάρει
1221 2455 1222 2509 λ

204 2537 302 2634 μὲν
282 2574 325 2633 ην
349 2550 469 2639 τουτφὶ
487 2547 666 2637 κηδεστής,
695 2548 770 2638 έμός
798 2547 831 2620 δ’
853 2547 971 2673 ἐχθρὸς
997 2547 1092 2620 καῖ’
1072 2558 1163 2621 αντί-
1220 2591 1221 2649 ρ

206 2652 296 2726 δικος
322 2649 354 2729 έξ
382 2649 503 2735 ἑτέρων
529 2655 754 2737 συμβολαίων
780 2649 977 2740 Δημάρατος
996 2646 1068 2720 δὲ
1051 2679 1071 2720 ο
1089 2645 1162 2740 μετ’
1219 2697 1220 2700 =

86 2799 91 2807 .
206 2742 308 2866 αάτρυ
296 2749 589 2869 Μνησιπτολέμω
615 2777 660 2841 τφ
687 2753 919 2872 έγγυησαμένφ
937 2754 1163 2838 Δικαιογένην
1219 2709 1220 2792 ί

205 2842 285 2933 μετά
302 2845 499 2968 Λεωχάρους
517 2838 559 2936 ήυ
576 2817 728 2938 ἀδελφός.
764 2879 855 2920 ουτοι
872 2847 1042 2939 μέντοι’
1001 2879 1066 2973 ρυκ
1083 2847 1162 2938 ήθέ-
1216 2817 1219 2932 ί

206 2953 309 3030 λησαυ
325 2941 577 3037 ἀποφήνασθαι,
603 2944 809 3038 ὁρκτόσαντες
833 2946 918 3074 ήμάς
935 2941 959 3072 ή
973 2949 1042 3040 μήν
1068 2956 1161 3041 έμμε·

206 3059 281 3112 νεῖν
306 3041 354 3125 οἷς
379 3041 421 3116 ἀν
438 3043 532 3117 αὐτοὶ
557 3065 677 3136 γνοῖεν.
715 3053 770 3120 καὶ
786 3049 914 3122 τούτων
938 3047 1021 3140 υμῖν
1039 3050 1161 3141 μάρτυ-

208 3170 267 3230 ρας
284 3140 469 3233 παρέξομαι.
917 3138 931 3188 l
967 3189 973 3204 =

581 3313 786 3365 ΜΑΡΤΤΡΕΣ.

157 3457 192 3511 34
285 3441 358 3514 Οὐκ
383 3435 445 3515 οὖν
472 3448 583 3522 δεινόν
610 3460 640 3521 εί
666 3448 854 3574 δεήσεται
833 3482 945 3545 υμων,
974 3483 1002 3523 ω
1028 3453 1160 3543 ἀνδρες,

208 3543 386 3634 Λεωχάρης
406 3542 720 3640 ἀποψηφίσασθαι“
698 3582 719 3621 α
736 3561 921 3642 Διοπεῖθης
935 3547 1141 3642 κηδεστής
1113 3581 1162 3622 ων
