2466 3914
178 146 244 196 vm
463 129 670 182 PRAEFATIO
688 129 842 183 omncs„

179 305 317 379 oportuit,
329 313 357 362 et
371 304 529 379 aequalibus
543 301 613 364 suis,
632 302 745 360 maxime
759 302 944 365 Demostheni,
960 303 1072 360 similem
1087 320 1132 360 re·

178 395 361 462 praesentant.
396 389 468 445 Orat.
491 386 604 457 3348
619 394 688 442 extr.
715 386 820 443 codices
840 386 880 442 LZ
898 387 1041 444 secundam
1060 405 1133 461 pers.

177 471 301 528 hahent
293 489 322 527 ιιι
336 489 361 527 ει
377 481 516 529 exeuntem
532 462 722 544 προσποιήσει
739 469 779 542 (ut
791 471 862 527 Item.
878 470 941 526 dei.
956 471 1053 544 Leg.§
1035 467 1134 544 346..)

180 572 220 612 or.
238 563 281 614 10.
297 555 363 627 318
376 557 466 613 cuncti
481 533 562 633 ήμεν.
589 553 655 610 Fere
676 554 801 611 omnihus
816 552 883 610 locis
903 555 1040 630 reperitur
1053 555 1134 612 tertia

177 655 250 714 pers.
265 641 386 729 optativi
406 656 463 696 aor.
482 640 511 694 in
525 654 565 693 ειε
579 637 719 694 desinens:
740 627 934 710 τελευτήσειεν
956 656 996 694 or.
1015 641 1038 692 l.
1056 638 1134 709 310,
1222 649 1225 656 ’

177 711 349 796 ἐρωτήσειεν
369 740 411 780 or.
428 729 453 782 2.
468 722 487 794 3
506 729 554 785 25
579 709 685 790 δόξειεν
701 739 740 778 or.
757 729 782 782 3.
799 722 879 794 311,
895 710 1073 778 πιστεύσειεν
1091 739 1133 778 or.

98 859 100 866 ,
177 815 203 868 3
220 806 291 878 323,
307 795 510 879 καταστήσειεν
526 822 565 862 or.
581 813 605 867 3.
621 807 695 877 332,
710 792 993 879 ἆμφισβητήσειεοι.
1011 807 1072 877 3,3
1089 811 1132 868 61,

177 879 306 960 ἀξιώσειε
328 907 368 946 οι.
391 891 457 963 43
482 897 529 952 26,
549 879 739 962 βεβαιώσειεν
761 899 840 950 οι..5
860 889 942 984 323,
963 878 1134 963 τολμήσειεν

179 991 218 1031 or.
234 981 259 1034 6.
281 973 300 1045 3
324 981 356 1036 9,
377 891 546 1048 ἒξαγεγείλειε
565 991 605 1029 or.
620 981 643 1033 6.
662 974 745 1046 339,
761 962 952 1048 εὐπορήσειεν
975 991 1014 1029 or
1030 977 1055 1032 1
1073 974 1133 1044 38.

177 1044 425 1151 αμφισβητήσειε
427 1074 467 1114 or.
486 1063 511 1117 t
530 1058 612 1128 336,
637 1052 681 1112 det
669 1053 736 1126 ίξειε
758 1074 797 1113 or
814 1058 869 1151 §.9'
886 1049 980 1112 ἐπιὸεί
966 1053 1033 1125 ίξειε
1050 1073 1089 1112 or.
1105 1063 1133 1118 8.

178 1142 267 1214 328,
287 1131 500 1218 κατορθώσειεν
521 1158 560 1197 or.
582 1148 608 1200 8
607 1141 649 1232 3
673 1148 721 1210 37,
742 1132 903 1215 θαυμάσειε
926 1159 966 1198 or.
987 1149 1033 1203 10,
1056 1141 1130 1211 318,

177 1222 296 1294 δείξειεν
318 1243 358 1283 or.
381 1235 422 1286 11
438 1226 520 1297 328,
543 1215 674 1296 ποιήσειε
699 1243 739 1282 or.
756 1235 797 1285 ll
821 1226 901 1296 348ε
917 1234 1012 1298 quater
1026 1231 1133 1281 tantum

176 1309 240 1366 libri
259 1327 339 1366 mser.
364 1308 392 1365 id
407 1328 438 1364 αι
456 1316 596 1366 exeuntem
608 1309 709 1366 habent
725 1310 835 1366 eandem
848 1326 1007 1382 personam,
1024 1323 1074 1364 nec
1090 1316 1132 1364 ta-

150 1411 239 1478 men
255 1401 286 1451 ut
301 1393 409 1450 exclusa
426 1394 462 1449 sit
475 1393 624 1451 dubitatio:
641 1411 680 1450 ur
697 1403 719 1452 1
735 1395 805 1465 330
819 1406 988 1455 πιστευσαι,
1004 1402 1031 1448 at
1045 1392 1132 1448 codex

150 1443 332 1534 ΑΙΙοΙιεοιιο
344 1484 414 1534 teste
423 1475 584 1539 πιστεῦσαι,
599 1476 684 1533 Maius
699 1479 790 1534 nescio
806 1494 840 1532 an
854 1477 939 1534 ecod.
951 1493 1001 1533 suo
1012 1468 1130 1532 πιστεύ-

177 1575 227 1632 ση,
243 1569 275 1617 ut
290 1561 322 1618 ab
337 1561 412 1617 Isaeo
431 1575 591 1616 πιστευσειε
605 1561 759 1634 proiectum
774 1562 901 1618 videatur.
931 1561 1037 1616 Gentius
1051 1559 1133 1618 etiam

176 1653 219 1702 est
239 1645 449 1718 praeoptandam
469 1662 529 1701 esse
543 1645 659 1700 Atticam
678 1645 792 1702 formam
809 1662 848 1701 or.
864 1651 888 1704 9.
905 1643 1047 1714 3180οΙ
1064 1643 1131 1699 uen-

176 1729 257 1784 kerus
277 1729 395 1785 codicem
409 1729 571 1785 deteriorem
584 1729 603 1782 Z
615 1737 724 1784 secutus
739 1729 812 1785 dedit
830 1718 968 1799 ἐθελήσαι
982 1727 1132 1800 suffragan-

145 1839 146 1842 *
177 1812 250 1868 tibus
271 1812 420 1868 editoribus
441 1812 644 1870 Turicensibus:
665 1820 692 1868 at
707 1830 767 1868 cum
783 1814 811 1868 Ιιι
829 1813 871 1868 AB
889 1813 925 1868 sit
945 1802 1087 1882 ἐθελήση,
1103 1811 1132 1866 in

177 1897 274 1967 Aldina
292 1913 356 1952 vero
379 1886 525 1968 ἐθελήσει,
548 1896 607 1951 iure
622 1896 759 1969 praeferes
780 1886 936 1968 ἐθελήσειε.
965 1895 1131 1968 Relinquun-

176 1988 222 2037 tur
236 1981 320 2052 igitur
338 1980 391 2037 duo
406 1980 474 2042 loci,
498 1981 526 2035 Ιιι
542 1979 640 2053 quihus
656 1980 761 2036 codices
778 1979 880 2073 nullam
895 1981 927 2036 de
943 1981 1007 2034 vitio
1024 1987 1133 2034 movent

176 2064 369 2157 suspitionem:
391 2081 461 2118 unus
485 2070 528 2119 est
549 2079 588 2119 or.
612 2069 636 2121 4.
659 2063 677 2134 3
702 2073 734 2122 14
756 2052 937 2139 ε’γχειρήσαι,
959 2063 1027 2118 alter
1049 2070 1131 2122 οι.8

175 2147 258 2217 340,
283 2148 359 2205 cuius
382 2155 470 2204 tamen
491 2147 597 2220 integra
612 2146 692 2202 verba
706 2148 880 2238 subiungam,
904 2157 934 2204 nt
951 2165 1012 2204 eum
1012 2147 1132 2246 'aliquid

174 2230 243 2286 labis
246 2230 411 2326 suscepisse
427 2231 537 2304 planum
557 2230 665 2286 faciam:
687 2225 745 2286 Καὶ
760 2219 796 2286 τοὶ
811 2225 865 2304 μὲν
879 2224 1065 2322 γεγενημένα,
1080 2223 1130 2284 καί

176 2301 253 2366 drM
241 2304 261 2367 ci
281 2332 317 2367 τα
338 2306 494 2388 πράγματα
514 2311 586 2368 ταῦτ
588 2299 740 2406 ’ἔχομεν,
762 2306 864 2404 σχεδόν
884 2333 912 2369 τι
933 2311 1005 2369 ταῦτ
1009 2299 1131 2385 ’ἐστίν
1155 2358 1158 2362 .

177 2415 199 2452 ω
189 2385 349 2490 οίνόρες·
361 2392 388 2452 εί
404 2391 435 2453 δε
455 2386 622 2469 εἰδείητε
589 2415 644 2469 την
662 2393 821 2466 Διοκλέους
842 2387 1060 2471 ἀναισχυντίαν,
1079 2392 1131 2452 καὶ

174 2499 241 2553 περι
266 2467 303 2534 τὰ
329 2468 403 2535 αλλα
424 2471 488 2550 οἷος
511 2474 605 2554 ἐστιν,
634 2498 689 2536 ουκ
710 2469 748 2537 dv
769 2468 974 2555 ἆπιστήσαι
996 2500 1052 2548 τις
1070 2478 1131 2537 τῶν

174 2558 335 2636 εἰρημένων
358 2550 466 2621 ουὸενί.
501 2565 534 2622 Et
548 2567 696 2623 sententiae
718 2567 959 2660 conformationem
981 2574 1008 2622 et
1021 2565 1129 2622 concin·
1146 2562 1150 2570 '

100 2676 103 2681 ·
173 2651 285 2704 nitatem
296 2648 420 2750 flagitare
432 2649 550 2707 arbitror
561 2658 592 2705 ut
602 2651 757 2724 corrigatur
767 2638 822 2706 οὐκ
835 2670 873 2706 αν
888 2635 1127 2722 απιστήσαιτ’

175 2728 261 2799 ἴσως
283 2731 340 2788 τῶν
362 2728 523 2808 εἰρημένων
542 2721 650 2788 ουδευί.
630 2729 766 2801 [Quae
786 2753 847 2792 cum
869 2737 907 2794 ita
926 2735 993 2797 sint,
1016 2751 1081 2790 num
1101 2734 1130 2790 in
1195 2733 1202 2746 '

174 2825 250 2872 tanto
266 2819 450 2891 exemplorum
464 2836 575 2875 numero
590 2819 717 2874 credibile
732 2829 774 2876 est
785 2837 868 2876 unum
883 2821 953 2876 istuc
964 2807 1129 2893 ἐγχειρήσοι

174 2899 207 2955 ab
220 2901 295 2958 isaeo
310 2910 451 2975 exceptum
466 2903 542 2959 esse?
555 2901 620 2957 Mihi
636 2903 743 2976 quidem
755 2921 832 2961 secus
847 2922 878 2960 ac
891 2901 956 2959 vel'
947 2903 1038 2960 invitis
1052 2901 1130 2956 libris

128 3001 131 3004 ·
174 2984 343 3041 scribendum
360 2987 474 3076 potius
469 2987 575 3043 videtur
589 2977 843 3082 ἕγχειρήσειεν,-
808 2988 981 3060 -ltemque
996 3003 1057 3042 curn
1073 2992 1128 3040 ter·

174 3068 238 3122 tiam
259 3068 372 3142 pluralis
394 3057 505 3144 optat'ivi
532 3086 588 3126 aor.
608 3087 751 3143 personam
771 3072 799 3126 in
815 3088 879 3126 ειαν
903 3071 1070 3127 terminatam
1088 3076 1129 3124 te-

172 3160 254 3208 neant
272 3153 379 3210 codices
395 3172 435 3210 or
450 3161 476 3215 8.
492 3154 558 3225 342
575 3146 746 3226 ἕθελησειαν
762 3164 790 3211 et
805 3173 844 3211 or.
862 3164 903 3216 10.
921 3156 984 3227 317
994 3167 1127 3228 προσαπ

173 3230 302 3290 ολὲσειαυ
330 3237 421 3311 (qnam
449 3239 555 3312 quidem
579 3255 630 3311 ego
657 3240 873 3296 terminationem
907 3239 1008 3332 ubique
1032 3235 1128 3310 Lysiae

171 3320 288 3384 reddidi,
319 3340 341 3376 v.
361 3323 473 3395 praefat.
482 3340 526 3414 p.
552 3321 607 3393 Vl),
629 3341 678 3396 pro
701 3315 918 3398 μαρτυρήσαιεν
937 3341 974 3379 αν
999 3323 1027 3378 in
1048 3337 1089 3376 or.
1110 3327 1129 3381 9

170 3403 190 3475 3
214 3411 248 3465 18
268 3406 339 3462 edidi
358 3395 573 3482 μαρτυρήσειαν
594 3397 647 3479 dv,
670 3408 742 3481 qnod
766 3407 883 3464 sortasse
903 3415 1017 3483 propter
1037 3421 1125 3460 κακο-
