2460 3918
238 233 278 297 78
647 226 781 278 ΙΣΑΙΟΤ
1099 225 1146 276 Οε.
1163 223 1184 278 6.

237 428 305 471 των
329 407 409 489 μίαν
433 399 589 488 ἐκτήσατο
607 389 631 489 ή
647 396 751 488 ὄνομα
768 388 811 486 ήν
826 395 941 486 Ἀλκή,
969 391 1010 484 ἣν
1029 397 1085 466 καί
1101 388 1185 483 ὑμῶν

237 501 327 590 οἰμαι
353 497 494 580 πολλοὺς
521 503 654 571 εἰδέναι.
699 496 782 587 αὕτη
809 500 846 570 δέ
868 495 888 587 ή
910 493 1006 585 ’Λλκή
1025 491 1185 582 αλνηθεῖσα

237 599 342 674 πολλὰ
367 603 428 691 μὲν
455 607 510 687 έτη
528 604 689 688 κακδήστο
713 603 749 670 ἐν
772 598 940 689 οἰκήματι,
967 595 1033 685 ήδη
1058 596 1097 666 δὲ
1118 621 1184 685 τρε-

186 720 219 773 20
236 705 381 792 σβυτέρα
391 692 475 773 οὖσα
491 697 556 771 αἰπο
545 698 635 790 μέν
651 729 711 770 του
699 699 901 790 οἰκήματος
911 695 1095 784 ἀνίσταται,
1114 701 1184 764 διαι-

235 805 365 892 τωμένη
398 803 436 872 δὲ
467 798 551 891 αὕτη
539 805 614 872 ἐν
638 803 681 890 τῇ
705 807 858 923 συνοικίᾳ
882 802 991 887 συνήν
1016 795 1183 887 ανθρωπος

235 900 473 992 ἀπελεύθερος,
500 898 631 974 Δίων’
612 929 716 990 ονομα
741 898 846 994 αὐτῷ,
875 905 907 985 ἐξ
932 928 974 1022 ορ
964 889 1059 987 ’ἔφη
1086 901 1183 984 ἐκείνη

234 1002 371 1084 τούτους
396 1007 584 1091 γεγονέναι
611 1005 666 1072 καί
692 1009 837 1094 ἔθρεψεν
861 998 983 1123 μύσους
998 1029 1019 1070 ο
1007 992 1167 1069 ετΔίων
1147 1026 1182 1077 ως

234 1131 332 1185 οντας
351 1107 480 1174 ἑαυτοῦ.
516 1101 682 1196 χρόυῳδέ
698 1099 838 1193 ὕστερον
855 1098 1013 1193 ομλνΔί
1013 1129 1063 1170 ωυ
1080 1104 1183 1187 ζημίαν

236 1207 450 1294 εἰργασμένος
466 1207 522 1274 καί
541 1208 652 1284 δείσας
677 1198 762 1294 ὑπὲρ
789 1199 894 1274 αὑτοῦ
911 1198 1128 1292 υπεχώρησεν
1144 1205 1181 1278 εἰς

235 1308 408 1376 Σικυωνα
440 1303 502 1393 τήν
529 1300 563 1372 δ’
596 1301 777 1395 ανθρωπον
802 1303 943 1392 ταύτην,
977 1299 1041 1389 τήν
1064 1296 1180 1386 Ἀλκήν,

234 1413 432 1522 καθίστησιν
449 1402 635 1522 Εὐκτήμων
653 1407 943 1494 ἐπιμελείσθαι”
901 1432 959 1491 της
978 1405 1015 1473 ἐν
1034 1411 1180 1490 Κεραμει·

233 1507 284 1598 κῷ
308 1514 495 1595 συνοικίας,
522 1508 580 1592 τῆς
610 1501 699 1596 ταρδ
723 1501 785 1592 τήν
811 1511 953 1592 πυλίδα,
986 1531 1029 1572 ου
1055 1497 1074 1572 ὁ
1105 1499 1180 1580 οἰνος

182 1634 214 1685 21
233 1603 339 1686 ὤνιος.
383 1618 630 1676 κατοικισθεῖσα
657 1601 687 1678 δ’
716 1609 875 1728 ἐνταυθρῖ
899 1606 1034 1726 πρλλιόν
1060 1605 1114 1672 καί
1134 1629 1179 1670 κα·

232 1734 302 1776 κων
318 1695 435 1796 ήρξεν,
455 1736 481 1776 ω
470 1696 626 1795 ἄνδρες.
670 1733 795 1794 φοιτων
817 1703 881 1795 γὰρ
898 1701 916 1775 ὁ
933 1693 1120 1793 Εὐκτήμων
1137 1705 1174 1770 ἐπ.

231 1802 268 1876 τί
295 1809 437 1877 ἐνοίκων
464 1805 617 1876 ἑκάστοτε
640 1803 682 1875 τὰ
706 1803 812 1876 πολλοὶ
838 1810 1002 1895 διέτριβεν
1023 1807 1061 1874 ἐν
1077 1806 1117 1893 τή
1131 1823 1177 1870 συ·

231 1915 358 1998 νοικία,
386 1911 490 1978 ἐνίοτε
516 1907 554 1976 δὲ
579 1909 634 1976 καί
663 1910 798 1978 ἐσιτεῖτο
814 1934 896 1996 μετα
911 1908 969 1994 τής
994 1900 1176 2023 ἀνθρώπων,

231 1961 422 2106 καταλιπων
439 2005 548 2079 καὶ
511 2035 573 2096 την
589 2023 733 2095 γυναῖκα
749 2011 806 2078 καλ
821 2035 899 2088 τους
916 2011 1040 2086 παῖδας
1058 1999 1176 2088 κοιλιην

232 2095 380 2178 οἰκίαν“
358 2136 431 2201 ην
419 2105 505 2179 ε’ἰκει.
541 2111 691 2198 χαλεπός
718 2109 756 2178 δέ
772 2106 939 2198 φερούσης
956 2110 1016 2194 τής
1034 2099 1175 2194 γυναικὸς

231 2209 287 2275 καί
312 2212 380 2278 ταῖν
404 2213 507 2279 υἱέων
530 2206 591 2298 οὐχ
608 2204 697 2288 ὅπως
716 2206 898 2296 ἐπαύσατο,
925 2203 1009 2276 ἆλλολ
1026 2205 1175 2276 τελευταν

232 2311 399 2387 παντελῶς
426 2312 557 2398 διητᾶτο
585 2313 668 2398 ἐκεῖ,
696 2305 819 2379 aaz*
777 2336 863 2378 ουτω
883 2311 1018 2395 διετέθη
1038 2300 1105 2376 εὖθ’
1120 2298 1174 2372 ὑπὸ

231 2405 414 2494 φαρμάκων
448 2405 515 2478 εἴθ’
550 2404 616 2479 ὑπὸ
642 2406 744 2532 νόσορ
771 2405 840 2480 εἴθ’
867 2403 928 2482 ὑπ’
956 2405 1062 2478 ἄλλον
1086 2401 1172 2488 τινός,

231 2525 316 2575 ωστε
342 2509 480 2595 ἐπείσθη
498 2503 557 2578 υπ’
586 2505 687 2596 αὐτῆς
704 2506 762 2579 τὸν
779 2507 1006 2630 πρεσβύτερον
1023 2523 1097 2578 τοῖν
1113 2509 1173 2574 παί-

232 2609 306 2674 δοιν
340 2613 528 2695 εἰσαγαγεῖν
563 2615 608 2688 εἰς
641 2636 719 2689 τους
747 2607 912 2699 φράτορας
938 2611 990 2678 ἐπὶ
1015 2610 1065 2702 τῷ
1085 2600 1174 2674 αυιου

179 2719 212 2769 22
228 2700 371 2795 ὀνόματι.
409 2705 522 2795 ἐπειδή
550 2708 587 2776 δλ
612 2705 691 2778 οὔθ’
718 2704 831 2790 ὁυίδς
854 2705 946 2802 αὐτῷ
969 2677 1173 2827 Φιλδκτήμων

229 2805 410 2897 συνεχωρει
449 2802 527 2877 οὔθ’
568 2813 603 2878 οἰ
638 2807 800 2933 φράτορες
840 2779 1063 2899 εἰσεδέξαντο,
1109 2797 1170 2873 ἄλλ’

229 2900 451 2996 ἀπηνέχθη
417 2937 454 2978 το
471 2905 634 2998 κούρειου,
661 2905 909 2999 ὀργιζόμενος’
892 2939 910 2980 ο
928 2906 1158 2999 Εὐκτήμων
1133 2929 1170 2972 τυ

227 3009 298 3074 υἰεῑ
327 3011 383 3077 καί
415 3007 604 3098 ἐπηρεάζειν
634 3007 833 3099 βουλόμενος
861 3013 1017 3100 ἐγγυᾶται
1042 3021 1170 3097 γυναῖκα

228 3107 464 3196 Δημοκράτους
481 3112 542 3179 τοῦ
555 3105 749 3198 Ἀφιδναίον
766 3107 933 3199 ἀδελφήν,
952 3106 997 3192 ολς
1017 3113 1053 3180 ἐκ
1063 3103 1169 3188 ταύτης

227 3212 349 3286 παῖδας
375 3205 558 3297 ἀποφανῶν
583 3212 690 3280 καλί
659 3237 674 3278 ε
676 3208 858 3298 σποιήσων
876 3218 922 3292 εἰς
939 3208 998 3282 τόν
1015 3210 1121 3294 οἰκον,
1145 3208 1169 3270 εἰ

177 3319 210 3370 23
227 3301 272 3392 μή
306 3316 490 3398 συγχωροίη
523 3312 642 3380 τοῦτον
677 3314 880 3398 εἰσαχθῆναι.
936 3308 1058 3392 εἰδότες
1090 3303 1119 3377 δ’
1142 3305 1171 3371 οἰ

227 3401 400 3493 αναγκαῖοι
425 3405 475 3478 ὅτι
502 3413 533 3491 ἐξ
561 3414 632 3479 ἐκεί
617 3417 691 3481 ἰνου
717 3407 843 3499 μδν’
803 3440 878 3482 ουκ
891 3441 933 3483 αν
960 3418 1009 3482 ἔτι
1033 3413 1168 3524 γένοιντο

228 3514 345 3596 ταῑδες
366 3506 490 3595 ταύτην
514 3507 576 3596 τήν
601 3505 732 3597 ήλικίαυ
750 3517 896 3602 ἔχοντος,
924 3497 1168 3603 φανήσοιντοδ
